2632 4852
159 331 208 433 74
502 351 672 401 rrrsrona
697 352 811 401 cxnvr.
937 351 968 401 a.
981 353 1016 402 v.
1036 355 1066 403 c.
1082 355 1132 419 ⁶99

209 456 231 530 3
257 453 372 528 Venio
396 477 490 527 nunc
528 454 575 526 ad
606 468 683 528 tuas
715 453 854 552 literas,
883 479 971 554 quas
996 455 1156 554 pluribus

158 579 315 682 epistolis
344 581 465 680 accepi
482 577 530 678 ³4,
567 578 651 652 dum
682 604 761 653 snm
790 578 829 652 in
859 578 1031 679 Arpinati.
1064 582 1158 656 Nam

157 708 242 781 mihi
266 731 340 781 uno
366 705 423 780 die
447 719 517 779 tres
544 720 626 780 sunt
649 704 828 805 redditae,
859 718 896 777 et
928 706 1094 806 quidem,
1116 719 1157 781 nt

158 832 387 932 videbantur,
423 832 548 907 eodem
580 831 643 906 abs
682 845 717 905 te
746 830 848 905 datae
873 843 1054 933 tempore:
1086 859 1155 908 una

44 962 48 969 ’
156 959 315 1063 pluribus
339 958 472 1060 verbis,
495 960 533 1032 in
558 985 626 1062 qua
656 957 809 1059 primum
833 970 921 1056 erat,
946 958 1045 1061 qnod
1071 962 1155 1032 anti·

158 1088 259 1188 quior
283 1085 358 1159 dies
382 1086 420 1157 in
444 1085 512 1158 tnis
537 1084 657 1159 fuisset
674 1083 852 1183 adscripta
866 1081 976 1157 literis
989 1084 1032 1184 ³⁵,
1050 1111 1155 1186 quam

158 1212 197 1286 in
221 1212 388 1286 Caesaris.
412 1210 457 1284 Id
480 1210 563 1284 facit
587 1210 727 1310 Oppius
744 1212 776 1262 ³⁶
802 1234 1071 1310 nonnumquam
1094 1237 1155 1284 ne-

158 1338 325 1436 cessario,
349 1352 409 1436 ut,
435 1361 542 1438 quum
566 1334 764 1409 tabellarios
793 1335 1016 1408 constituerit
1039 1336 1155 1408 mitte·

156 1488 217 1561 re,
239 1461 425 1564 literaeque
450 1488 469 1534 a
494 1461 596 1535 nobis
622 1461 817 1562 acceperit,
854 1459 969 1561 aliqua
997 1485 1037 1533 re
1061 1486 1155 1534 nova

157 1587 384 1690 impediatur,
410 1601 446 1662 et
469 1588 666 1662 necessario
691 1589 817 1686 serius,
838 1580 944 1693 quain
968 1587 1155 1660 constitue·

158 1727 230 1815 rat,
253 1715 393 1787 mittat:
425 1739 539 1816 neque
570 1739 636 1787 nos
670 1712 760 1787 datis
784 1714 855 1786 iam
880 1710 1038 1812 epistolis
1063 1712 1155 1787 diem

159 1841 369 1913 commutari
401 1866 569 1913 curemus.
607 1838 736 1914 Scribis
766 1839 810 1912 de
835 1839 992 1938 Caesaris
1017 1865 1154 1912 summo

157 1965 195 2038 in
219 1991 285 2039 nos
311 1992 438 2039 amore.
471 1967 575 2038 Hunc
608 1980 643 2037 et
667 1979 706 2037 tu
731 1962 881 2063 fovebis,
910 1978 946 2037 et
970 1990 1055 2065 nos,
1080 1967 1153 2068 qui·

158 2091 376 2192 bnscumqu'e
400 2092 609 2191 poterimuS,
627 2091 731 2163 rebus
756 2088 966 2190 augebimus.
983 2092 1038 2165 De
1054 2094 1153 2171 Pom

141 2217 238 2317 .peio
256 2221 286 2284 ³7
319 2230 355 2290 et
382 2216 474 2291 facio
507 2216 706 2315 diligenter,
737 2229 774 2289 et
801 2215 929 2319 faciam
955 2215 1056 2323 quod
1078 2241 1153 2289 mo·

158 2367 230 2414 nes.
268 2341 377 2433 Quod
412 2342 477 2414 tibi
512 2368 590 2414 mea
626 2342 809 2441 permissio
844 2342 1037 2416 mansionis
1074 2355 1152 2414 tuae

160 2480 256 2566 grata
282 2481 355 2566 est,
379 2467 417 2539 id
442 2493 522 2566 ego,
549 2493 686 2541 summo
709 2492 789 2541 meo
817 2465 937 2541 dolore
949 2469 982 2519 ³⁸
1006 2480 1044 2540 et
1069 2466 1152 2540 desi-

159 2591 274 2689 derio,
298 2605 417 2664 tamen
441 2618 485 2664 ex
509 2607 608 2692 parte
633 2593 777 2691 gaudeo.
802 2595 845 2666 In
868 2592 1100 2694 Hippodamo
1113 2593 1154 2692 ³9,

158 2729 195 2788 et
219 2717 394 2790 nonnullis
420 2717 494 2792 aliis
527 2718 758 2817 arcessendis,
790 2719 875 2821 quid
903 2720 1058 2820 cogites,
1081 2745 1154 2792 non

157 2840 322 2941 intelligo.
346 2842 459 2917 Nemo
484 2846 632 2918 istorum
656 2857 726 2942 est,
751 2846 835 2946 quin
860 2842 923 2917 abs
948 2858 984 2917 te
1009 2870 1154 2944 munus,

156 2965 257 3040 fiurdi
280 2968 470 3043 suburbani
493 2971 619 3068 instar,
643 2983 829 3069 exspectet
847 2969 1053 3046 Trebatium
1070 2996 1152 3045 vero

156 3118 274 3166 meum
298 3094 395 3196 quod
418 3096 487 3168 isto
513 3094 703 3169 admisceas
720 3094 763 3194 4⁰,
790 3095 878 3168 nihil
910 3109 972 3170 est.
1007 3099 1088 3196 Ego
1111 3095 1152 3169 il·

154 3215 230 3291 lum
254 3218 301 3291 ad
326 3221 510 3294 Caesarem
534 3206 631 3320 misi,
666 3222 726 3323 qni
757 3221 843 3293 mihi
874 3222 946 3293 iam
978 3221 1152 3296 satisfecit

156 3341 194 3415 si
217 3344 285 3444 ipsi
310 3346 425 3418 minus
436 3344 480 3443 4¹,
497 3360 672 3446 praestare
696 3345 783 3419 nihil
800 3345 929 3420 debeo:
946 3349 1152 3448 teque-item

156 3466 200 3541 ab
225 3494 269 3542 eo
293 3471 436 3544 vindico
462 3485 498 3545 et
522 3472 640 3546 libero.
675 3473 783 3565 Quod
810 3472 932 3557 scribis
958 3487 993 3545 te
1019 3498 1041 3544 a
1063 3473 1152 3546 Cae·

155 3618 231 3666 sare
267 3596 424 3696 quotidie
461 3596 540 3697 plus
575 3598 690 3698 diligi,
726 3597 969 3672 immortaliter
1006 3597 1162 3696 gaudeo

154 3711 303 3792 Balbum
327 3746 433 3819 vero,
465 3723 525 3824 qui
554 3739 607 3796 est
631 3725 729 3796 istius
755 3725 803 3797 rei
830 3723 1149 3825 (quemadmodum

155 3841 303 3935 scribis)
340 3847 500 3945 adiutor,
537 3850 573 3922 in
612 3849 722 3923 oculis
758 3850 840 3924 fero.
878 3848 1097 3922 Trebonium
1117 3845 1147 3910 4²
