2632 4852
170 305 217 375 80
510 320 680 369 arrsrota
704 324 816 371 chvt.
937 321 1021 372 nv.
1039 327 1069 373 c.
1087 326 1139 388 ⁶9⁹

169 450 234 498 nee
259 425 307 496 lui
332 448 498 525 umquam
523 422 626 498 valde
651 422 816 524 cupidus,
848 437 884 496 et
909 434 1011 498 Inunc
1038 424 1166 502 domus

169 548 371 650 suppeditat
386 579 387 582 ¹
403 547 489 619 mihi
520 547 704 621 hortomm
729 549 986 622 amoenitatem.
1015 552 1168 626 Romam

170 702 277 778 quum
298 676 468 749 venissem
494 701 523 745 a.
542 673 574 745 d.
591 675 683 746 XIII
699 672 776 747 Kal.
794 675 938 750 Octobr.
965 675 1167 752 absolutum

169 800 300 875 offendi
324 802 362 873 in
387 795 624 872 aedibus'tuis
649 813 797 874 tectum:
824 799 921 901 quod
945 827 1052 902 supra
1079 828 1167 877 con·

169 928 278 1000 clavia
303 952 376 998 non
400 923 579 1025 placuerat
603 924 668 997 tihi
692 950 767 997 esse
791 924 983 998 multorum
1010 925 1165 1026 fastigio-

168 1080 265 1126 rum:
301 1052 341 1124 id
371 1077 465 1123 nunc
482 1054 513 1101 ⁶²
538 1050 685 1124 honeste
716 1051 828 1149 vergit
854 1052 893 1124 in
918 1064 1051 1124 tectum
1076 1054 1164 1127 inle-

167 1181 266 1252 rioris
291 1178 603 1278 porticusticero
628 1190 748 1250 noster
759 1179 802 1275 ⁶³,
827 1176 912 1259 dum
937 1202 1002 1276 ego
1028 1177 1164 1278 absum,

166 1331 239 1377 non
265 1306 413 1377 cessavit
444 1302 539 1403 apud
566 1302 749 1376 rhetorem.
783 1303 837 1375 De
867 1305 940 1376 eius
965 1303 1164 1378 eruditione

167 1429 264 1532 quod
287 1429 446 1528 labores,
477 1428 563 1501 nihil
593 1443 663 1528 est,
694 1431 860 1530 quoniam
884 1430 1063 1527 ingenium
1089 1431 1163 1502 eius

165 1558 274 1630 nosti:
311 1555 464 1628 studium
497 1581 562 1652 ego
597 1554 709 1628 video.
738 1557 862 1629 Cetera
887 1556 961 1627 eius
987 1557 1160 1655 suscipio,

165 1697 205 1754 ut
238 1708 294 1754 me
326 1693 448 1780 putem
484 1695 659 1779 praestare
693 1680 829 1753 debere.
866 1678 1058 1753 Gabinium
1090 1694 1160 1753 tres

165 1807 280 1880 adhuc
306 1799 472 1880 factiones
490 1805 522 1870 ⁶4
548 1807 743 1907 postulant:
768 1810 808 1878 L.
833 1805 1022 1905 Lentulus,
1049 1804 1160 1879 flami·

51 2009 58 2021 ,
163 1935 217 2006 nis
249 1931 357 2031 filius,
389 1934 450 2033 qui
480 1933 549 2004 iam
583 1932 633 2004 de
659 1934 839 2005 maiestate
870 1930 1083 2032 postulavit,
1107 1931 1159 2003 Ti.

161 2058 255 2133 Nero
283 2085 362 2131 cum
387 2059 489 2130 honis
515 2057 826 2158 subscriptoribus,
842 2060 879 2132 C.
898 2058 1086 2130 Memmius
1102 2057 1158 2128 tri·

161 2186 276 2259 hunus
301 2184 412 2285 plebis
439 2212 519 2257 curn
543 2188 582 2256 L.
608 2186 788 2284 Capitone.
814 2184 872 2258 Ad
896 2183 1021 2257 urbem
1047 2208 1157 2257 acces-

161 2316 207 2384 sit
231 2339 260 2398 a.
287 2310 319 2382 d.
336 2311 410 2383 XII
436 2311 513 2383 Kal.
541 2311 700 2409 Octobr,
725 2310 813 2383 nihil
837 2290 990 2410 turpius,
1015 2305 1082 2381 nec
1103 2308 1157 2382 de·

161 2437 284 2508 sertius
302 2437 342 2506 ⁶⁵.
376 2435 446 2507 Sed
470 2435 533 2518 his⁴
549 2436 686 2509 iudiciis
711 2434 799 2509 nihil
831 2435 944 2509 audeo
971 2434 1155 2508 confidere.

162 2542 269 2651 Quod
301 2562 389 2633 Cato
407 2564 439 2612 ⁶⁶
472 2587 544 2634 non
576 2562 739 2659 valebat,
773 2560 888 2633 adhuc
922 2560 967 2633 de
1000 2561 1156 2660 pecuniis

160 2685 363 2785 repetundis
399 2713 472 2760 non
504 2703 577 2760 erat
603 2688 807 2787 postulatus.
838 2675 1029 2787 Pompeius
1057 2713 1078 2759 a
1102 2711 1155 2758 me

160 2810 262 2882 valde
280 2811 462 2884 contendit
480 2813 523 2885 de
548 2813 661 2885 reditu
685 2815 722 2884 in
740 2814 885 2912 gratiam
898 2816 944 2911 ⁶⁷3
961 2812 1025 2885 sed
1043 2812 1155 2884 adhuc

92 2956 95 2963 ·
158 2935 246 3007 nihil
270 2937 435 3036 profecit,
458 2965 541 3038 nec,
567 2941 596 3011 si
619 2939 733 3011 ullam»
751 2953 887 3040 partem
912 2939 1086 3011 libertatis
1110 2953 1155 3012 te·

157 3062 250 3134 nebo
257 3119 268 3162 ,
285 3066 453 3162 proficiet.
472 3066 566 3137 Tuas
588 3065 704 3138 literas
729 3066 955 3138 vehementer
979 3078 1153 3166 exspecto.

158 3187 266 3278 Quod
291 3189 412 3261 scribis
445 3204 481 3262 te
512 3189 648 3264 audisse
673 3193 710 3263 in
736 3191 1004 3265 candidatorum
1030 3217 1154 3266 consu-

157 3312 281 3387 larium
315 3316 466 3387 coitione
483 3318 519 3368 68*
547 3343 604 3389 me
636 3318 847 3417 interlhisse,
875 3318 912 3389 id
942 3317 1069 3390 falsum
1093 3329 1151 3388 est.

156 3439 341 3512 Eiusmodi
377 3443 471 3513 enim
508 3447 689 3542 pactiones
721 3446 774 3516 in
790 3470 830 3516 ea
864 3445 1018 3516 coitione
1044 3443 1152 3516 sactae

156 3581 254 3664 sunt,
279 3593 364 3666 quas
389 3583 511 3666 postea
550 3571 734 3643 Memmius
767 3569 1021 3670 patefecit„ut
1051 3592 1151 3640 nemo

154 3689 268 3763 bonus
293 3694 458 3766 interesse
485 3695 658 3770 debuerit:
690 3712 725 3769 et
751 3695 854 3770 simul
878 3695 963 3767 mihi
991 3696 1150 3772 commit·

155 3816 300 3891 tendum
325 3846 398 3895 non
423 3821 503 3921 suit,
535 3837 580 3918 ut
606 3823 660 3896 his
694 3823 903 3899 coitionibus
928 3823 1149 3916 interessem,
