2632 4852
595 315 765 366 urrsroua
790 317 893 365 cxuu.
1047 313 1077 362 Α.
1095 315 1131 364 v.
1147 315 1177 361 c.
1194 312 1244 374 699

417 523 469 575 Ser.
488 521 582 571 Romae
599 520 630 570 A.
648 517 681 568 V.
699 519 728 570 C.
747 516 890 581 dcxcix,
908 530 994 567 meuse
1010 512 1131 583 Quintili.
1201 544 1205 553 ·

495 778 501 793 ,
586 714 729 780 CICERO
753 713 903 779 ATTICO
928 713 958 777 S.

331 956 342 1001 1
371 928 425 1000 De
455 919 655 1022 Eutychide
688 934 845 1019 gratum3
877 919 937 1020 qui
970 931 1084 992 vetere
1117 941 1267 1018 praeno·

274 1055 384 1152 mine,
408 1074 502 1123 novo
527 1048 696 1121 uomine¹
724 1045 765 1118 T.
791 1046 856 1118 erit
880 1042 1067 1142 Caecilius5
1090 1057 1132 1116 ut
1157 1059 1268 1117 estex

273 1206 348 1277 me,
371 1189 407 1249 et
431 1202 474 1248 ex
498 1189 533 1247 te
550 1191 565 1222 ²
590 1175 728 1246 iunctus
752 1171 961 1271 Dionysius,
976 1171 1023 1244 Μ.
1039 1171 1266 1271 Pomponius.

273 1302 389 1376 Valde
405 1299 601 1373 mehercule
618 1299 705 1371 mihi
722 1312 874 1398 gratum,
890 1298 920 1371 ai
935 1295 1155 1396 Eutychides
1174 1310 1268 1369 tuam

273 1455 353 1528 erga
378 1454 435 1499 me
458 1424 732 1500 benivolentiam
758 1437 947 1523 cognoscet
959 1427 985 1522 ³,
1001 1436 1037 1496 et
1053 1448 1155 1497 auam
1175 1421 1267 1495 illam

273 1556 310 1626 iu
334 1578 414 1626 meo
440 1551 561 1625 dolore
586 1558 791 1646 συμπάθειαν,
816 1534 929 1652 neque
946 1563 1022 1624 tum
1038 1548 1125 1625 mihi
1141 1547 1266 1623 ohscu-

272 1706 363 1778 ram,
387 1704 499 1780 neque
525 1692 607 1776 post
632 1678 804 1776 ingratam
828 1676 941 1749 luisse.

321 1833 343 1878 a
368 1805 439 1878 Iter
463 1805 653 1877 Asiaticum
674 1817 773 1875 tuum
790 1816 878 1903 puto
896 1801 987 1876 tibil
1004 1799 1264 1901 suscipiendum

270 1933 382 2004 fuisse.
419 1929 618 2030 Numquam
651 1931 744 2003 euim
776 1944 814 2001 tu
847 1929 921 2001 siue
950 1914 1136 2002 iustissima
1163 1952 1263 2001 causa

173 2136 182 2147 ἦ
269 2072 342 2130 tam
367 2056 471 2155 longe
497 2082 516 2127 a
543 2069 597 2129 tot
622 2056 691 2128 tuis
728 2068 764 2127 et
791 2053 991 2128 hominibus
1017 2067 1054 2126 et
1077 2052 1184 2128 rebus
1208 2078 1261 2126 ca-

268 2183 411 2257 rissimis
437 2196 473 2253 et
498 2180 738 2257 suavissimis⁵
765 2181 885 2254 abesse
909 2179 1086 2254 voluisses.
1114 2178 1186 2251 Sed
1201 2179 1263 2251 hu-

59 2310 62 2315 ’
164 2330 167 2336 ·
268 2309 475 2381 manitatem
500 2322 596 2379 tuam
623 2333 845 2409 amoremque
870 2308 908 2379 in
933 2319 1030 2406 tuos,
1054 2303 1189 2380 reditus
1214 2331 1263 2379 ce

268 2432 413 2505 leritas6
440 2408 636 2506 declarabit.
663 2433 733 2507 Sed
757 2459 897 2533 vereor,
917 2459 963 2505 ne
986 2433 1107 2532 lepore
1124 2447 1162 2505 te
1179 2451 1260 2506 suot

270 2558 424 2630 detineat
451 2557 578 2631 diutius
603 2558 721 2633 rhetor
746 2558 908 2658 Clodius,
932 2573 968 2632 et
992 2557 1100 2633 homo
1125 2585 1261 2660 pereru-

271 2683 385 2783 ditus,
410 2699 450 2756 ut
475 2685 589 2783 aiunt,
615 2700 650 2758 et
674 2712 768 2762 nunc
794 2686 936 2787 quidem
963 2684 1101 2758 deditus
1119 2686 1260 2760 Graecis

254 2809 376 2883 'literis
401 2811 582 2884 Pituanius
600 2814 625 2883 ⁸.
650 2812 738 2911 Sed,
761 2814 790 2884 si
816 2813 868 2886 vis
893 2811 1001 2886 homo
1026 2802 1124 2912 esse,
1149 2814 1264 2913 recipe*

268 2950 304 3009 te
330 2936 376 3012 ad
400 2963 483 3035 nos,
507 2937 554 3010 ad
578 2938 675 3039 quod
699 2953 836 3039 tempus
862 2939 1083 3012 coufirmasti.
1110 2940 1204 3013 Cum
1226 2938 1260 3012 il·

267 3061 308 3134 lis
333 3077 425 3162 tum,
451 3083 591 3169 quum9
616 3063 703 3140 salvi
728 3065 902 3164 venerint,
926 3065 1056 3141 Romae
1081 3066 1204 3141 vivere
1227 3065 1259 3139 li·

268 3187 369 3262 cebit.

317 3315 338 3389 3
364 3316 478 3390 Avere
503 3329 538 3389 te
564 3317 706 3416 scribis,
738 3320 897 3419 accipere
929 3317 1061 3420 aliquid
1081 3346 1115 3394 a
1139 3347 1199 3394 mo
1222 3319 1257 3391 li·

266 3453 417 3517 terarum
424 3468 434 3539 5
460 3441 557 3541 dedi,
583 3469 624 3515 ac
648 3441 766 3516 multis
801 3444 943 3545 quidem
970 3442 1014 3516 de
1040 3444 1146 3519 rebus
1151 3503 1164 3546 ,
1189 3453 1255 3539 ἡμε·

264 3567 401 3660 poleydov
421 3583 448 3615 ¹⁰
475 3570 668 3669 perscripta
689 3586 715 3620 ¹¹
743 3572 876 3645 omnia:
910 3569 988 3666 sed,
1018 3585 1058 3644 ut
1090 3573 1252 3663 conficio,

267 3688 432 3790 quodiam
463 3694 549 3766 mihi
581 3721 652 3768 uon
686 3695 813 3770 videris
846 3699 883 3769 iu
907 3697 1018 3798 Epiro
1049 3694 1109 3770 diu
1135 3697 1251 3787 fuisse,

264 3815 418 3892 redditas
443 3820 506 3893 tibi
531 3847 604 3897 non
630 3821 786 3898 arbitror.
814 3825 933 3898 Genus
961 3837 1076 3897 autem
1094 3845 1248 3915 mearum,
