2632 4852
204 335 270 409 138
535 354 703 403 nrrsrom
728 356 839 406 cxcix.
967 358 1094 410 nec.
1114 351 1165 415 699

245 460 270 555 4
286 456 319 487 **
330 482 402 531 non
419 455 551 554 mihin,
567 471 607 529 ut
623 457 681 557 qui
697 457 766 529 iam
783 457 1058 556 intelligebamus
1075 488 1184 538 enun-

93 600 97 607 ‘
197 587 376 659 tiationem
399 581 493 657 illam
519 583 674 655 Memmii
699 582 801 655 valde
826 585 965 659 Caesari
992 587 1184 688 displicere.

196 708 342 783 Messala
374 722 507 806 noster,
538 722 573 781 et
605 709 677 780 eius
702 709 875 781 Domitius
907 714 1121 811 competitor
1145 715 1187 786 li·

193 834 318 908 beralis
342 836 379 907 in
403 833 536 935 populo
549 848 581 883 ²²
598 832 699 906 valde
723 832 794 906 fuit.
819 834 914 907 Nihil
935 839 1073 934 gratius.
1091 840 1186 913 Certi

193 962 336 1035 erant²³
362 958 522 1033 consules
547 956 685 1035 scilicet.
711 958 759 1032 At
783 973 923 1034 senatus
949 961 1121 1063 decrevit,
1146 972 1185 1038 ut

192 1087 337 1159 tacitum
372 1084 538 1158 iudicium
555 1082 587 1149 ²4
620 1097 699 1156 ante
736 1085 878 1158 comitia
914 1088 1020 1161 fieret.
1054 1089 1111 1167 Ab
1141 1092 1183 1164 iis

192 1211 359 1310 consiliis,
383 1236 471 1312 quae
496 1222 595 1282 erant
619 1207 780 1283 omnibus
798 1213 829 1261 ²⁵
856 1213 978 1289 sortita
1006 1214 1044 1284 iu
1069 1215 1183 1312 singu·

190 1336 243 1411 los
270 1336 491 1434 candidatos,
514 1360 660 1433 magnus
686 1335 791 1408 timor
815 1335 1092 1411 candidatorum.
1114 1339 1183 1412 Sed

190 1461 331 1562 quidam
355 1459 503 1559 iudices,
526 1461 563 1532 in
588 1458 642 1531 his
668 1459 828 1559 Opimius
847 1487 964 1535 vernn
972 1517 983 1560 ,
1007 1488 1088 1536 ruo.
1113 1465 1190 1567 Ans

189 1587 257 1659 tius
273 1589 316 1685 ²⁶,
348 1585 504 1659 tribunos
540 1583 652 1685 plebis
687 1584 928 1685 appellarunt,
968 1612 1012 1659 ne
1048 1588 1178 1663 iniussu

188 1710 311 1810 populi
335 1710 537 1783 iudicarent.
562 1711 629 1782 Res
654 1709 749 1783 cedit
765 1728 804 1782 ²7.
831 1711 980 1785 Comitia
1007 1711 1114 1785 dilata
1140 1738 1179 1785 ex

189 1848 327 1908 senatus
353 1834 528 1934 consulto,
561 1834 644 1909 dum
676 1835 731 1907 lex
760 1835 804 1906 de
830 1837 938 1908 tacito
963 1835 1093 1910 iudicio
1120 1837 1179 1910 fer·

137 2048 140 2053 .
186 1977 289 2062 retur.
306 1961 415 2034 Venit
429 1962 496 2060 legi
514 1960 604 2060 dies,
620 1961 804 2033 Terentius
816 1963 847 2012 ²⁸
864 1962 1068 2035 intercessit.
1088 1964 1176 2036 Con·

99 2093 103 2102 '
141 2056 296 2186 essum,
319 2087 380 2189 qni
411 2086 498 2158 illud
528 2085 597 2168 levi
621 2084 767 2159 brachio
793 2088 943 2185 egissent
959 2103 1001 2185 ²9,
1033 2112 1109 2162 rem
1131 2087 1175 2163 ad

185 2227 343 2286 senatum
376 2211 581 2285 detulerunt.
613 2212 682 2284 Hic
714 2210 853 2285 Abdera
871 2213 914 2312 ³⁰,
941 2237 1015 2286 non
1039 2225 1176 2287 tacente

183 2361 249 2412 me.
274 2339 391 2437 Dices,
411 2352 529 2409 tamen
546 2351 584 2409 tu
600 2319 678 2409 non
691 2335 858 2437 quiescisl
873 2378 923 2394 -
938 2339 1104 2438 Ignosce,
1119 2340 1174 2412 uix

184 2487 338 2561 possum.
355 2463 606 2537 Verumtamen
631 2460 717 2562 quid
742 2475 814 2535 tam
838 2462 1045 2535 ridiculum?
1071 2462 1173 2536 Sena·

184 2600 241 2659 tus
260 2586 476 2685 decreverat,
492 2613 537 2659 ne
554 2588 650 2687 prius
668 2585 810 2659 comitia
830 2586 1055 2686 haberentur,
1073 2616 1175 2690 quam

182 2711 239 2783 lex
263 2711 332 2784 lata
359 2727 469 2785 esset:
502 2714 532 2785 si
565 2714 625 2813 qui
658 2713 927 2811 intercessisset,
958 2738 1013 2786 res
1042 2714 1174 2813 integra

181 2835 373 2910 referretur.
412 2839 547 2937 Coepta
579 2837 659 2911 ferri
682 2837 828 2936 leviter,
851 2840 1080 2913 intercessum
1104 2865 1174 2914 non

180 2961 314 3061 invitis,
339 2989 393 3036 res
418 2963 463 3037 ad
480 2977 655 3064 senatum,
674 2961 718 3036 de
734 2990 776 3036 ea
792 2989 829 3037 re
846 2965 894 3037 ita
913 2979 1123 3040 censuerunt
1134 2967 1173 3065 ³¹5

180 3088 321 3161 comitia
346 3072 460 3189 primo
487 3115 626 3190 quoque
651 3103 809 3189 tempore
834 3088 953 3162 baberi
981 3115 1059 3165 esse
1084 3116 1104 3163 e
1127 3115 1171 3163 re.

179 3210 345 3311 Scaurus,
378 3217 437 3316 qui
469 3229 543 3288 erat
573 3217 694 3315 paucis
729 3214 850 3288 diebus
877 3214 945 3287 illis
970 3213 1171 3312 absolutus,

61 3324 62 3332 ἵ
181 3364 288 3439 quum
313 3365 379 3438 ego
403 3354 538 3439 partem
555 3343 627 3414 eius
640 3344 671 3391 ³²
689 3342 904 3416 ornatissime
926 3339 1170 3438 defendissem,

177 3460 501 3539 obnuntiationibus
518 3493 582 3566 per
598 3468 802 3542 Scaevolam
817 3467 1034 3567 interpositis
1048 3467 1092 3567 ³³,
1107 3467 1168 3539 siu·

179 3586 266 3683 gulis
292 3589 414 3664 diebus
439 3619 547 3692 usque
573 3589 618 3666 ad
642 3594 754 3693 pridie
778 3593 855 3668 Kal.
874 3592 999 3666 Octob.
1017 3618 1090 3694 quo
1107 3616 1167 3689 ego

179 3710 265 3784 haee
291 3715 347 3788 die
373 3719 507 3818 scripsi,
529 3718 671 3792 sublatis
683 3720 725 3818 ³4,
740 3719 874 3822 populo
897 3716 1058 3792 tributim
1076 3719 1165 3793 dorni

182 3860 263 3908 suae
288 3841 505 3917 satisfecerat.
532 3844 600 3917 Sed
627 3859 761 3945 tamen,
792 3847 855 3919 etsi
889 3844 1029 3921 uberior
1048 3845 1163 3924 libera·
