2632 4852
166 323 235 395 216
481 340 650 391 nnrsrom
679 341 808 391 cuxvu.
940 339 972 389 s.
990 343 1023 390 v.
1040 342 1069 390 c.
1088 357 1132 405 μ.

162 444 426 520 Samarobrivae
445 442 483 515 ¹4.
516 446 697 545 Denique,
733 445 761 515 si
795 443 866 515 cito
898 456 936 513 te
973 444 1157 544 retuleris3

161 598 274 647 sermo
299 568 413 644 nullus
438 571 519 643 erit:
552 572 581 643 si
614 569 743 642 diutius
763 569 792 618 ¹⁵
824 568 950 641 flustra
986 568 1159 670 abfuerim

160 724 233 783 non
257 697 366 770 modo
389 696 576 769 Laberium
594 698 635 793 ¹⁶,
670 694 734 768 sed
765 695 872 767 etiam
908 694 1067 768 sodalem
1093 723 1157 770 no·

160 835 270 895 strum
293 819 472 895 Valerium
504 820 721 919 pertimesco.
760 821 849 892 Mira
883 822 979 893 enim
1006 836 1157 922 persona

78 1012 81 1018 .
159 947 278 1020 induci
316 960 434 1048 potest
469 947 660 1019 Britannici
691 946 925 1022 iureconsulti.
963 947 1062 1020 Haec
1093 973 1155 1046 ego

160 1097 234 1146 non
254 1087 282 1138 ¹⁷
308 1072 423 1170 rideo,
453 1071 613 1173 quamvis
645 1085 685 1144 tu
717 1071 847 1171 rideas3
879 1072 945 1146 sed
970 1072 1015 1147 de
1040 1100 1079 1147 re
1104 1083 1156 1148 se-

160 1199 338 1272 verissima
363 1212 500 1296 tecum,
532 1211 573 1270 ut
603 1197 722 1296 soleo,
746 1198 853 1272 iocor.
879 1200 1031 1274 Remoto
1055 1201 1157 1298 ioco,

161 1320 225 1395 tibi
257 1323 326 1396 hoc
345 1325 374 1375 ¹⁸
406 1323 616 1396 amicissimo
652 1324 770 1396 animo
803 1325 982 1425 praecipio
994 1381 1004 1423 ,
1037 1340 1095 1424 ut,
1128 1327 1155 1398 si

161 1450 239 1522 istic
264 1474 341 1521 mea
366 1449 669 1523 commendatione
703 1462 799 1522 tuam
834 1449 1040 1548 dignitatern
1065 1451 1155 1524 obti-

161 1573 283 1673 uehis,
307 1575 458 1674 perferas
483 1576 599 1665 nostri
628 1575 855 1673 desiderium,
886 1575 1108 1650 honestatem
1127 1591 1155 1642 ¹9

161 1714 198 1771 et
221 1699 401 1773 facultates
434 1714 510 1774 tuas
544 1712 690 1800 augeas3
721 1701 776 1774 sin
808 1714 925 1775 autem
955 1702 1024 1774 ista
1057 1702 1152 1801 frige-

159 1823 267 1924 bunt,
286 1825 433 1924 recipias
459 1839 493 1900 te
519 1826 566 1899 ad
589 1852 663 1900 nos.
689 1827 817 1900 Omnia
842 1839 960 1899 tamen
977 1829 1153 1929 praesis,

120 2046 122 2050 Ι
161 1963 197 2022 et
221 1963 280 2023 tua
306 1950 436 2024 virtute
460 1953 636 2053 profecto,
653 1966 688 2026 et
704 1968 826 2028 nostro
850 1978 990 2027 summo
1016 1978 1098 2053 erga
1121 1967 1151 2024 te

161 2077 278 2152 studio
305 2102 523 2179 consequere.

563 2330 758 2405 CLXVIII.
836 2286 839 2298 Ι
928 2372 1048 2431 (nansi.
1060 2377 1127 2431 ma)

160 2505 377 2584 Argumentum.
397 2507 496 2568 Patris
516 2519 645 2570 mortem
661 2509 785 2570 Curioni
806 2508 920 2570 absenti
942 2511 1107 2591 significat,
1126 2520 1150 2569 et

200 2621 234 2671 ut
253 2614 280 2672 ei
300 2615 514 2694 patrimonium
535 2615 576 2674 dii
598 2614 770 2688 fortunent,
790 2627 883 2699 optut.
1009 2610 1012 2620 ¹

451 2818 505 2874 Scr.
524 2819 619 2874 Romae
636 2821 667 2873 Δ.
684 2818 718 2872 V.
736 2819 765 2873 C.
785 2819 859 2873 DCC.

340 3017 383 3078 M.
408 3018 443 3079 T.
467 3016 612 3082 CICERO
637 3018 671 3081 C.
697 3017 859 3082 CVRIONI
884 3018 914 3081 S.
939 3017 979 3081 D.

207 3204 316 3277 Gravi
341 3217 455 3277 teste¹
481 3205 638 3303 privatus
663 3231 741 3278 sum
765 3206 893 3281 amoris
918 3209 1051 3283 summi
1075 3235 1149 3309 erga

158 3341 194 3401 te
218 3330 308 3428 mei⁷
339 3342 439 3430 patre
470 3343 534 3404 tuo
541 3385 552 3429 ,
585 3330 774 3404 clarissimo
805 3332 904 3406 viro:
939 3335 1023 3434 qui,
1049 3362 1150 3438 quum

158 3454 229 3526 suis
253 3455 430 3556 laudibus,
461 3470 538 3531 tum
562 3483 646 3532 vero
671 3472 707 3531 te
732 3456 803 3531 filio
810 3513 821 3556 ,
853 3476 1056 3558 superasset
1081 3487 1149 3536 om·

156 3579 255 3687 nium
280 3582 471 3684 fortunam,
504 3585 533 3656 si
566 3585 597 3657 ei
623 3585 839 3683 contigisset,
867 3599 910 3658 ut
933 3599 970 3658 te
997 3603 1080 3662 ante
1103 3589 1148 3662 vi-

157 3703 288 3805 deret²⁷
300 3736 405 3810 quam
421 3737 440 3782 e
457 3710 530 3784 vita
547 3711 772 3786 discederet3.
786 3711 857 3784 Sed
873 3739 979 3814 spero
998 3730 1147 3790 nostram

154 3833 341 3910 amicitiam
372 3863 445 3913 non
478 3863 576 3937 egere
610 3838 763 3914 testibus.
791 3837 871 3913 Tibi
897 3843 1143 3941 patrimonium
