<?xml version="1.0" encoding="UTF-8"?>
<!DOCTYPE html PUBLIC "-//W3C//DTD XHTML 1.0 Transitional//EN"
    "http://www.w3.org/TR/xhtml1/DTD/xhtml1-transitional.dtd">
<html xmlns="http://www.w3.org/1999/xhtml" xml:lang="en" lang="en">
 <head>
  <title>
</title>
<meta http-equiv="Content-Type" content="text/html;charset=utf-8" />
  <meta name='ocr-system' content='tesseract 3.04.00' />
  <meta name='ocr-capabilities' content='ocr_page ocr_carea ocr_par ocr_line ocrx_word'/>
</head>
<body>
  <div class='ocr_page' id='page_1' title='image "./mtulliiciceroni57cicegoog/mtulliiciceroni57cicegoog_0310.png"; bbox 0 0 2632 4852; ppageno 0'>
   <div class='ocr_carea' id='block_1_1' title="bbox 525 309 1152 388">
    <p class='ocr_par' dir='ltr' id='par_1_1' title="bbox 525 309 1152 388">
     <span class='ocr_line' id='line_1_1' title="bbox 525 309 1152 388; baseline -0.005 -1"><span class='ocrx_word' id='word_1_1' title='bbox 525 342 561 388; x_wconf 83' lang='lat' dir='ltr'><strong>ru</strong></span> <span class='ocrx_word' id='word_1_2' title='bbox 587 338 779 387; x_wconf 77' lang='lat' dir='ltr'><strong>nrrsroms</strong></span> <span class='ocrx_word' id='word_1_3' title='bbox 1081 309 1152 385; x_wconf 86' lang='lat'><strong>305</strong></span> 
     </span>
    </p>
   </div>
   <div class='ocr_carea' id='block_1_2' title="bbox 191 436 1154 634">
    <p class='ocr_par' dir='ltr' id='par_1_2' title="bbox 191 436 1154 634">
     <span class='ocr_line' id='line_1_2' title="bbox 191 436 1154 524; baseline -0.009 -19"><span class='ocrx_word' id='word_1_4' title='bbox 191 467 258 506; x_wconf 84' lang='lat' dir='ltr'><strong>sens</strong></span> <span class='ocrx_word' id='word_1_5' title='bbox 278 441 453 516; x_wconf 79' lang='lat' dir='ltr'><strong>remedium,</strong></span> <span class='ocrx_word' id='word_1_6' title='bbox 470 461 610 524; x_wconf 80' lang='lat' dir='ltr'><strong>praesens</strong></span> <span class='ocrx_word' id='word_1_7' title='bbox 630 459 785 511; x_wconf 83' lang='lat' dir='ltr'><strong>venenum,</strong></span> <span class='ocrx_word' id='word_1_8' title='bbox 801 456 941 520; x_wconf 80' lang='lat' dir='ltr'><strong>praesens</strong></span> <span class='ocrx_word' id='word_1_9' title='bbox 963 436 1059 509; x_wconf 81' lang='lat' dir='ltr'><strong>Deus,</strong></span> <span class='ocrx_word' id='word_1_10' title='bbox 1083 439 1154 518; x_wconf 81' lang='lat' dir='ltr'><strong>quie</strong></span> 
     </span>
     <span class='ocr_line' id='line_1_3' title="bbox 191 543 964 634; baseline -0.012 -21"><span class='ocrx_word' id='word_1_11' title='bbox 191 553 360 634; x_wconf 76' lang='lat' dir='ltr'><strong>praesentia</strong></span> <span class='ocrx_word' id='word_1_12' title='bbox 382 571 436 610; x_wconf 81' lang='lat' dir='ltr'><strong>sue</strong></span> <span class='ocrx_word' id='word_1_13' title='bbox 457 550 519 610; x_wconf 81' lang='lat' dir='ltr'><strong>uim</strong></span> <span class='ocrx_word' id='word_1_14' title='bbox 540 558 645 630; x_wconf 81' lang='lat' dir='ltr'><strong>auget:</strong></span> <span class='ocrx_word' id='word_1_15' title='bbox 666 546 751 627; x_wconf 79' lang='lat' dir='ltr'><strong>Virg.</strong></span> <span class='ocrx_word' id='word_1_16' title='bbox 773 544 837 605; x_wconf 84' lang='lat' dir='ltr'>Ecl.</span> <span class='ocrx_word' id='word_1_17' title='bbox 858 543 888 616; x_wconf 89' lang='lat'><strong>1,</strong></span> <span class='ocrx_word' id='word_1_18' title='bbox 908 545 964 622; x_wconf 68' lang='lat'><strong>42:</strong></span> 
     </span>
    </p>
   </div>
   <div class='ocr_carea' id='block_1_3' title="bbox 335 704 978 780">
    <p class='ocr_par' dir='ltr' id='par_1_3' title="bbox 335 704 978 780">
     <span class='ocr_line' id='line_1_4' title="bbox 335 704 978 780; baseline -0.006 -18"><span class='ocrx_word' id='word_1_19' title='bbox 335 709 391 762; x_wconf 82' lang='lat' dir='ltr'><strong>Nee</strong></span> <span class='ocrx_word' id='word_1_20' title='bbox 406 716 460 762; x_wconf 83' lang='lat' dir='ltr'><strong>tam</strong></span> <span class='ocrx_word' id='word_1_21' title='bbox 477 716 625 780; x_wconf 77' lang='lat' dir='ltr'><strong>praesentes</strong></span> <span class='ocrx_word' id='word_1_22' title='bbox 642 708 703 762; x_wconf 84' lang='lat' dir='ltr'><strong>niibi</strong></span> <span class='ocrx_word' id='word_1_23' title='bbox 721 722 872 777; x_wconf 77' lang='lat' dir='ltr'>cognoscere</span> <span class='ocrx_word' id='word_1_24' title='bbox 891 704 978 760; x_wconf 80' lang='lat' dir='ltr'><strong>Divos.</strong></span> 
     </span>
    </p>
   </div>
   <div class='ocr_carea' id='block_1_4' title="bbox 106 864 1249 3391">
    <p class='ocr_par' dir='ltr' id='par_1_4' title="bbox 193 864 1155 1035">
     <span class='ocr_line' id='line_1_5' title="bbox 193 864 1155 950; baseline -0.004 -23"><span class='ocrx_word' id='word_1_25' title='bbox 193 867 315 950; x_wconf 80' lang='lat' dir='ltr'><strong>Reliqui</strong></span> <span class='ocrx_word' id='word_1_26' title='bbox 345 869 441 928; x_wconf 81' lang='lat' dir='ltr'><strong>nostri</strong></span> <span class='ocrx_word' id='word_1_27' title='bbox 468 878 499 928; x_wconf 84' lang='lat' dir='ltr'><strong>et</strong></span> <span class='ocrx_word' id='word_1_28' title='bbox 527 865 658 928; x_wconf 81' lang='lat' dir='ltr'><strong>eliorum</strong></span> <span class='ocrx_word' id='word_1_29' title='bbox 684 886 755 928; x_wconf 88' lang='lat' dir='ltr'><strong>eum</strong></span> <span class='ocrx_word' id='word_1_30' title='bbox 782 864 848 927; x_wconf 85' lang='lat' dir='ltr'><strong>edd.</strong></span> <span class='ocrx_word' id='word_1_31' title='bbox 876 866 980 947; x_wconf 88' lang='lat' dir='ltr'><strong>primis</strong></span> <span class='ocrx_word' id='word_1_32' title='bbox 1001 877 1155 946; x_wconf 74' lang='lat' dir='ltr'><strong>praestan-</strong></span> 
     </span>
     <span class='ocr_line' id='line_1_6' title="bbox 197 974 290 1035; baseline 0.011 -1"><span class='ocrx_word' id='word_1_33' title='bbox 197 974 290 1035; x_wconf 70' lang='lat' dir='ltr'><strong>tiores.</strong></span> 
     </span>
    </p>

    <p class='ocr_par' dir='ltr' id='par_1_5' title="bbox 152 1079 1156 1357">
     <span class='ocr_line' id='line_1_7' title="bbox 152 1079 1156 1162; baseline -0.002 -20"><span class='ocrx_word' id='word_1_34' title='bbox 152 1081 175 1142; x_wconf 88' lang='grc'>6</span> <span class='ocrx_word' id='word_1_35' title='bbox 197 1080 230 1140; x_wconf 88' lang='lat' dir='ltr'><strong>C.</strong></span> <span class='ocrx_word' id='word_1_36' title='bbox 251 1080 344 1153; x_wconf 81' lang='lat' dir='ltr'><strong>Ceto,</strong></span> <span class='ocrx_word' id='word_1_37' title='bbox 364 1082 417 1162; x_wconf 87' lang='lat' dir='ltr'><strong>qui</strong></span> <span class='ocrx_word' id='word_1_38' title='bbox 441 1082 505 1141; x_wconf 88' lang='lat' dir='ltr'><strong>vim</strong></span> <span class='ocrx_word' id='word_1_39' title='bbox 527 1101 612 1141; x_wconf 84' lang='lat' dir='ltr'><strong>suem</strong></span> <span class='ocrx_word' id='word_1_40' title='bbox 634 1082 665 1141; x_wconf 93' lang='lat' dir='ltr'><strong>in</strong></span> <span class='ocrx_word' id='word_1_41' title='bbox 686 1079 848 1142; x_wconf 86' lang='lat' dir='ltr'><strong>Lentulum</strong></span> <span class='ocrx_word' id='word_1_42' title='bbox 875 1080 1063 1161; x_wconf 86' lang='lat' dir='ltr'><strong>potissimum</strong></span> <span class='ocrx_word' id='word_1_43' title='bbox 1083 1099 1156 1140; x_wconf 87' lang='lat' dir='ltr'><strong>eon-</strong></span> 
     </span>
     <span class='ocr_line' id='line_1_8' title="bbox 194 1185 1155 1269; baseline 0 -23"><span class='ocrx_word' id='word_1_44' title='bbox 194 1186 277 1259; x_wconf 87' lang='lat' dir='ltr'><strong>tulit,</strong></span> <span class='ocrx_word' id='word_1_45' title='bbox 298 1207 392 1268; x_wconf 88' lang='lat' dir='ltr'><strong>quum</strong></span> <span class='ocrx_word' id='word_1_46' title='bbox 413 1186 451 1248; x_wconf 93' lang='lat' dir='ltr'><strong>de</strong></span> <span class='ocrx_word' id='word_1_47' title='bbox 470 1186 652 1269; x_wconf 79' lang='lat' dir='ltr'><strong>abrogando</strong></span> <span class='ocrx_word' id='word_1_48' title='bbox 673 1186 717 1247; x_wconf 91' lang='lat' dir='ltr'><strong>illi</strong></span> <span class='ocrx_word' id='word_1_49' title='bbox 738 1187 866 1268; x_wconf 88' lang='lat' dir='ltr'><strong>imperio</strong></span> <span class='ocrx_word' id='word_1_50' title='bbox 885 1186 981 1266; x_wconf 74' lang='lat' dir='ltr'><strong>legem</strong></span> <span class='ocrx_word' id='word_1_51' title='bbox 1002 1185 1090 1261; x_wconf 79' lang='lat' dir='ltr'><strong>tutit3</strong></span> <span class='ocrx_word' id='word_1_52' title='bbox 1109 1206 1155 1268; x_wconf 85' lang='lat' dir='ltr'><strong>ep.</strong></span> 
     </span>
     <span class='ocr_line' id='line_1_9' title="bbox 196 1293 308 1357; baseline 0.027 -5"><span class='ocrx_word' id='word_1_53' title='bbox 196 1293 308 1357; x_wconf 86' lang='lat' dir='ltr'><strong>XCVI.</strong></span> 
     </span>
    </p>

    <p class='ocr_par' dir='ltr' id='par_1_6' title="bbox 153 1397 1154 1589">
     <span class='ocr_line' id='line_1_10' title="bbox 153 1397 1154 1483; baseline -0.001 -24"><span class='ocrx_word' id='word_1_54' title='bbox 153 1423 171 1480; x_wconf 90' lang='lat'>7</span> <span class='ocrx_word' id='word_1_55' title='bbox 195 1400 276 1476; x_wconf 75' lang='lat' dir='ltr'><strong>Quia</strong></span> <span class='ocrx_word' id='word_1_56' title='bbox 296 1400 425 1462; x_wconf 85' lang='lat' dir='ltr'>Lentulo</span> <span class='ocrx_word' id='word_1_57' title='bbox 445 1419 553 1463; x_wconf 82' lang='lat' dir='ltr'><strong>nocere</strong></span> <span class='ocrx_word' id='word_1_58' title='bbox 573 1420 635 1462; x_wconf 89' lang='lat' dir='ltr'><strong>non</strong></span> <span class='ocrx_word' id='word_1_59' title='bbox 655 1402 764 1483; x_wconf 84' lang='lat' dir='ltr'><strong>potuit.</strong></span> <span class='ocrx_word' id='word_1_60' title='bbox 800 1398 917 1462; x_wconf 74' lang='lat' dir='ltr'><strong>Manat.</strong></span> <span class='ocrx_word' id='word_1_61' title='bbox 949 1397 1025 1460; x_wconf 84' lang='lat' dir='ltr'><strong>Num</strong></span> <span class='ocrx_word' id='word_1_62' title='bbox 1058 1399 1154 1480; x_wconf 87' lang='lat' dir='ltr'><strong>impe-</strong></span> 
     </span>
     <span class='ocr_line' id='line_1_11' title="bbox 194 1505 642 1589; baseline 0.007 -24"><span class='ocrx_word' id='word_1_63' title='bbox 194 1508 275 1566; x_wconf 89' lang='lat' dir='ltr'><strong>rium</strong></span> <span class='ocrx_word' id='word_1_64' title='bbox 295 1505 474 1589; x_wconf 79' lang='lat' dir='ltr'><strong>abrogatum</strong></span> <span class='ocrx_word' id='word_1_65' title='bbox 494 1507 642 1570; x_wconf 78' lang='lat' dir='ltr'><strong>nonfuit.</strong></span> 
     </span>
    </p>

    <p class='ocr_par' dir='ltr' id='par_1_7' title="bbox 153 1608 1158 1782">
     <span class='ocr_line' id='line_1_12' title="bbox 153 1608 1158 1697; baseline -0.005 -24"><span class='ocrx_word' id='word_1_66' title='bbox 153 1612 174 1673; x_wconf 88' lang='lat'>8</span> <span class='ocrx_word' id='word_1_67' title='bbox 196 1611 265 1673; x_wconf 85' lang='lat' dir='ltr'><strong>Seil.</strong></span> <span class='ocrx_word' id='word_1_68' title='bbox 285 1624 388 1674; x_wconf 85' lang='lat' dir='ltr'><strong>nostra</strong></span> <span class='ocrx_word' id='word_1_69' title='bbox 408 1616 490 1687; x_wconf 85' lang='lat' dir='ltr'><strong>vice,</strong></span> <span class='ocrx_word' id='word_1_70' title='bbox 509 1612 540 1674; x_wconf 88' lang='lat' dir='ltr'><strong>h.</strong></span> <span class='ocrx_word' id='word_1_71' title='bbox 561 1635 587 1676; x_wconf 89' lang='lat' dir='ltr'><strong>e.</strong></span> <span class='ocrx_word' id='word_1_72' title='bbox 612 1613 695 1697; x_wconf 87' lang='lat' dir='ltr'><strong>quod</strong></span> <span class='ocrx_word' id='word_1_73' title='bbox 718 1615 774 1697; x_wconf 87' lang='lat' dir='ltr'><strong>ipsi</strong></span> <span class='ocrx_word' id='word_1_74' title='bbox 795 1612 893 1674; x_wconf 84' lang='lat' dir='ltr'><strong>faeere</strong></span> <span class='ocrx_word' id='word_1_75' title='bbox 913 1610 1080 1674; x_wconf 87' lang='lat' dir='ltr'><strong>debuimus.</strong></span> <span class='ocrx_word' id='word_1_76' title='bbox 1109 1608 1158 1669; x_wconf 86' lang='lat' dir='ltr'><strong>Sic</strong></span> 
     </span>
     <span class='ocr_line' id='line_1_13' title="bbox 193 1718 1097 1782; baseline -0.003 -5"><span class='ocrx_word' id='word_1_77' title='bbox 193 1718 280 1779; x_wconf 81' lang='lat' dir='ltr'><strong>doleo</strong></span> <span class='ocrx_word' id='word_1_78' title='bbox 301 1732 380 1780; x_wconf 86' lang='lat' dir='ltr'><strong>tuam</strong></span> <span class='ocrx_word' id='word_1_79' title='bbox 400 1720 488 1781; x_wconf 82' lang='lat' dir='ltr'><strong>vicem</strong></span> <span class='ocrx_word' id='word_1_80' title='bbox 509 1731 623 1782; x_wconf 88' lang='lat' dir='ltr'><strong>veteres</strong></span> <span class='ocrx_word' id='word_1_81' title='bbox 646 1718 796 1782; x_wconf 80' lang='lat' dir='ltr'><strong>dicebant.</strong></span> <span class='ocrx_word' id='word_1_82' title='bbox 818 1718 897 1782; x_wconf 85' lang='lat' dir='ltr'>Vide</span> <span class='ocrx_word' id='word_1_83' title='bbox 917 1719 1097 1778; x_wconf 82' lang='lat' dir='ltr'><strong>Manutium.</strong></span> 
     </span>
    </p>

    <p class='ocr_par' dir='ltr' id='par_1_8' title="bbox 153 1824 1159 2122">
     <span class='ocr_line' id='line_1_14' title="bbox 153 1824 1159 1909; baseline -0.005 -23"><span class='ocrx_word' id='word_1_84' title='bbox 153 1847 175 1906; x_wconf 79' lang='lat'><strong>9</strong></span> <span class='ocrx_word' id='word_1_85' title='bbox 195 1824 238 1887; x_wconf 83' lang='lat' dir='ltr'><strong>Vs</strong></span> <span class='ocrx_word' id='word_1_86' title='bbox 257 1827 285 1886; x_wconf 91' lang='lat' dir='ltr'><strong>ei</strong></span> <span class='ocrx_word' id='word_1_87' title='bbox 304 1847 342 1886; x_wconf 91' lang='lat' dir='ltr'><strong>ne</strong></span> <span class='ocrx_word' id='word_1_88' title='bbox 361 1824 491 1888; x_wconf 87' lang='lat' dir='ltr'><strong>liberum</strong></span> <span class='ocrx_word' id='word_1_89' title='bbox 512 1827 637 1909; x_wconf 86' lang='lat' dir='ltr'><strong>quidem</strong></span> <span class='ocrx_word' id='word_1_90' title='bbox 652 1830 689 1889; x_wconf 91' lang='lat' dir='ltr'><strong>sit</strong></span> <span class='ocrx_word' id='word_1_91' title='bbox 702 1830 734 1888; x_wconf 89' lang='lat' dir='ltr'><strong>in</strong></span> <span class='ocrx_word' id='word_1_92' title='bbox 752 1825 877 1909; x_wconf 82' lang='lat' dir='ltr'><strong>publico</strong></span> <span class='ocrx_word' id='word_1_93' title='bbox 892 1825 1019 1898; x_wconf 82' lang='lat' dir='ltr'><strong>versari,</strong></span> <span class='ocrx_word' id='word_1_94' title='bbox 1034 1830 1159 1905; x_wconf 88' lang='lat' dir='ltr'><strong>propter</strong></span> 
     </span>
     <span class='ocr_line' id='line_1_15' title="bbox 195 1931 1158 2015; baseline -0.002 -23"><span class='ocrx_word' id='word_1_95' title='bbox 195 1933 317 1992; x_wconf 86' lang='lat' dir='ltr'><strong>comitia</strong></span> <span class='ocrx_word' id='word_1_96' title='bbox 347 1935 378 1991; x_wconf 91' lang='lat' dir='ltr'><strong>in</strong></span> <span class='ocrx_word' id='word_1_97' title='bbox 407 1931 563 1994; x_wconf 83' lang='lat' dir='ltr'><strong>tribunatu</strong></span> <span class='ocrx_word' id='word_1_98' title='bbox 593 1937 656 1994; x_wconf 87' lang='lat' dir='ltr'><strong>eius</strong></span> <span class='ocrx_word' id='word_1_99' title='bbox 685 1932 776 1994; x_wconf 83' lang='lat' dir='ltr'><strong>dilate</strong></span> <span class='ocrx_word' id='word_1_100' title='bbox 806 1932 867 2013; x_wconf 91' lang='lat' dir='ltr'><strong>(ad</strong></span> <span class='ocrx_word' id='word_1_101' title='bbox 895 1953 941 2014; x_wconf 90' lang='lat' dir='ltr'><strong>ep.</strong></span> <span class='ocrx_word' id='word_1_102' title='bbox 964 1931 1097 2004; x_wconf 80' lang='lat' dir='ltr'>CXLII,</span> <span class='ocrx_word' id='word_1_103' title='bbox 1118 1955 1158 2015; x_wconf 83' lang='lat'><strong>73</strong></span> 
     </span>
     <span class='ocr_line' id='line_1_16' title="bbox 198 2037 764 2122; baseline 0.004 -24"><span class='ocrx_word' id='word_1_104' title='bbox 198 2049 229 2098; x_wconf 89' lang='lat' dir='ltr'><strong>et</strong></span> <span class='ocrx_word' id='word_1_105' title='bbox 249 2037 385 2111; x_wconf 86' lang='lat' dir='ltr'>CXLIV,</span> <span class='ocrx_word' id='word_1_106' title='bbox 406 2040 458 2120; x_wconf 84' lang='lat'><strong>3),</strong></span> <span class='ocrx_word' id='word_1_107' title='bbox 479 2050 509 2100; x_wconf 88' lang='lat' dir='ltr'><strong>et</strong></span> <span class='ocrx_word' id='word_1_108' title='bbox 529 2040 625 2101; x_wconf 83' lang='lat' dir='ltr'><strong>multe</strong></span> <span class='ocrx_word' id='word_1_109' title='bbox 644 2039 764 2122; x_wconf 80' lang='lat' dir='ltr'><strong>flagitia.</strong></span> 
     </span>
    </p>

    <p class='ocr_par' dir='ltr' id='par_1_9' title="bbox 157 2142 1159 2227">
     <span class='ocr_line' id='line_1_17' title="bbox 157 2142 1159 2227; baseline 0.002 -23"><span class='ocrx_word' id='word_1_110' title='bbox 157 2165 195 2205; x_wconf 90' lang='lat'><strong>10</strong></span> <span class='ocrx_word' id='word_1_111' title='bbox 216 2142 326 2205; x_wconf 86' lang='lat' dir='ltr'><strong>Sehiitz</strong></span> <span class='ocrx_word' id='word_1_112' title='bbox 347 2165 382 2206; x_wconf 81' lang='lat' dir='ltr'><strong>ex</strong></span> <span class='ocrx_word' id='word_1_113' title='bbox 402 2147 522 2227; x_wconf 79' lang='lat' dir='ltr'><strong>ingenio</strong></span> <span class='ocrx_word' id='word_1_114' title='bbox 542 2166 607 2207; x_wconf 88' lang='lat' dir='ltr'><strong>eam</strong></span> <span class='ocrx_word' id='word_1_115' title='bbox 630 2160 661 2206; x_wconf 86' lang='lat' dir='ltr'><strong>te</strong></span> <span class='ocrx_word' id='word_1_116' title='bbox 680 2144 790 2226; x_wconf 82' lang='lat' dir='ltr'><strong>fidem.</strong></span> <span class='ocrx_word' id='word_1_117' title='bbox 820 2146 892 2208; x_wconf 82' lang='lat' dir='ltr'><strong>Mox</strong></span> <span class='ocrx_word' id='word_1_118' title='bbox 923 2145 1032 2206; x_wconf 81' lang='lat' dir='ltr'><strong>Ambb.</strong></span> <span class='ocrx_word' id='word_1_119' title='bbox 1065 2155 1159 2227; x_wconf 82' lang='lat' dir='ltr'><strong>quett.</strong></span> 
     </span>
    </p>

    <p class='ocr_par' dir='ltr' id='par_1_10' title="bbox 106 2250 1249 2975">
     <span class='ocr_line' id='line_1_18' title="bbox 172 2250 1160 2334; baseline 0.003 -24"><span class='ocrx_word' id='word_1_120' title='bbox 172 2298 177 2310; x_wconf 85' lang='lat'><em>.</em></span> <span class='ocrx_word' id='word_1_121' title='bbox 197 2251 268 2311; x_wconf 88' lang='lat' dir='ltr'><strong>Rec.</strong></span> <span class='ocrx_word' id='word_1_122' title='bbox 290 2261 320 2313; x_wconf 92' lang='lat' dir='ltr'><strong>et</strong></span> <span class='ocrx_word' id='word_1_123' title='bbox 340 2250 407 2312; x_wconf 90' lang='lat' dir='ltr'><strong>edd.</strong></span> <span class='ocrx_word' id='word_1_124' title='bbox 428 2262 499 2314; x_wconf 83' lang='lat' dir='ltr'><strong>vett</strong></span> <span class='ocrx_word' id='word_1_125' title='bbox 519 2274 705 2334; x_wconf 62' lang='lat' dir='ltr'><strong>cognoscem</strong></span> <span class='ocrx_word' id='word_1_126' title='bbox 728 2264 759 2314; x_wconf 87' lang='lat' dir='ltr'><strong>et</strong></span> <span class='ocrx_word' id='word_1_127' title='bbox 779 2255 879 2315; x_wconf 87' lang='lat' dir='ltr'><strong>statim</strong></span> <span class='ocrx_word' id='word_1_128' title='bbox 900 2253 1001 2314; x_wconf 73' lang='lat' dir='ltr'><strong>zets</strong></span> <span class='ocrx_word' id='word_1_129' title='bbox 1021 2274 1080 2314; x_wconf 85' lang='lat' dir='ltr'><strong>non</strong></span> <span class='ocrx_word' id='word_1_130' title='bbox 1100 2265 1160 2314; x_wconf 77' lang='lat' dir='ltr'><strong>tum</strong></span> 
     </span>
     <span class='ocr_line' id='line_1_19' title="bbox 196 2357 1074 2440; baseline 0.002 -23"><span class='ocrx_word' id='word_1_131' title='bbox 196 2377 321 2438; x_wconf 61' lang='lat' dir='ltr'><strong>retegam</strong></span> <span class='ocrx_word' id='word_1_132' title='bbox 340 2369 370 2419; x_wconf 88' lang='lat' dir='ltr'><strong>et</strong></span> <span class='ocrx_word' id='word_1_133' title='bbox 390 2360 421 2420; x_wconf 88' lang='lat' dir='ltr'><strong>in</strong></span> <span class='ocrx_word' id='word_1_134' title='bbox 440 2357 501 2419; x_wconf 85' lang='lat' dir='ltr'><strong>fine</strong></span> <span class='ocrx_word' id='word_1_135' title='bbox 522 2361 683 2421; x_wconf 86' lang='lat' dir='ltr'><strong>sententiae</strong></span> <span class='ocrx_word' id='word_1_136' title='bbox 709 2358 797 2422; x_wconf 82' lang='lat' dir='ltr'><strong>Amb.</strong></span> <span class='ocrx_word' id='word_1_137' title='bbox 823 2361 859 2438; x_wconf 69' lang='grc'><strong>14</strong></span> <span class='ocrx_word' id='word_1_138' title='bbox 878 2379 1074 2440; x_wconf 76' lang='lat' dir='ltr'><em>cognoveram.</em></span> 
     </span>
     <span class='ocr_line' id='line_1_20' title="bbox 158 2462 1161 2549; baseline 0 -23"><span class='ocrx_word' id='word_1_139' title='bbox 158 2484 191 2526; x_wconf 86' lang='lat' dir='ltr'><strong>rr</strong></span> <span class='ocrx_word' id='word_1_140' title='bbox 217 2462 310 2542; x_wconf 91' lang='lat' dir='ltr'><strong>Quod</strong></span> <span class='ocrx_word' id='word_1_141' title='bbox 330 2466 400 2525; x_wconf 89' lang='lat' dir='ltr'><strong>satis</strong></span> <span class='ocrx_word' id='word_1_142' title='bbox 421 2465 583 2526; x_wconf 89' lang='lat' dir='ltr'><strong>ostendunt</strong></span> <span class='ocrx_word' id='word_1_143' title='bbox 605 2487 671 2549; x_wconf 86' lang='lat' dir='ltr'><strong>sup.</strong></span> <span class='ocrx_word' id='word_1_144' title='bbox 693 2487 764 2548; x_wconf 86' lang='lat' dir='ltr'><strong>epp.</strong></span> <span class='ocrx_word' id='word_1_145' title='bbox 786 2465 962 2539; x_wconf 81' lang='lat' dir='ltr'><strong>cxxxul,</strong></span> <span class='ocrx_word' id='word_1_146' title='bbox 980 2465 1060 2526; x_wconf 88' lang='lat' dir='ltr'><strong>CXL</strong></span> <span class='ocrx_word' id='word_1_147' title='bbox 1081 2467 1161 2543; x_wconf 86' lang='lat' dir='ltr'><strong>init,</strong></span> 
     </span>
     <span class='ocr_line' id='line_1_21' title="bbox 106 2554 1162 2662; baseline 0 -32"><span class='ocrx_word' id='word_1_148' title='bbox 106 2554 110 2559; x_wconf 32' lang='lat'><strong><em>⁴</em></strong></span> <span class='ocrx_word' id='word_1_149' title='bbox 197 2571 326 2644; x_wconf 84' lang='lat' dir='ltr'>CXLII,</span> <span class='ocrx_word' id='word_1_150' title='bbox 346 2572 491 2654; x_wconf 85' lang='lat' dir='ltr'><strong>aliaeque.</strong></span> <span class='ocrx_word' id='word_1_151' title='bbox 511 2573 675 2635; x_wconf 85' lang='lat' dir='ltr'><strong>Praeterea</strong></span> <span class='ocrx_word' id='word_1_152' title='bbox 695 2572 802 2662; x_wconf 74' lang='lat' dir='ltr'><strong>Cicero</strong></span> <span class='ocrx_word' id='word_1_153' title='bbox 823 2574 850 2634; x_wconf 88' lang='lat' dir='ltr'><strong>ei</strong></span> <span class='ocrx_word' id='word_1_154' title='bbox 865 2593 918 2633; x_wconf 85' lang='lat' dir='ltr'><strong>sua</strong></span> <span class='ocrx_word' id='word_1_155' title='bbox 932 2573 1076 2635; x_wconf 82' lang='lat' dir='ltr'><strong>sententie</strong></span> <span class='ocrx_word' id='word_1_156' title='bbox 1089 2592 1162 2654; x_wconf 86' lang='lat' dir='ltr'><strong>sup-</strong></span> 
     </span>
     <span class='ocr_line' id='line_1_22' title="bbox 197 2677 1162 2762; baseline 0 -26"><span class='ocrx_word' id='word_1_157' title='bbox 197 2677 372 2760; x_wconf 81' lang='lat' dir='ltr'><strong>plicationes</strong></span> <span class='ocrx_word' id='word_1_158' title='bbox 393 2677 567 2740; x_wconf 83' lang='lat' dir='ltr'><strong>decreverat</strong></span> <span class='ocrx_word' id='word_1_159' title='bbox 586 2680 648 2742; x_wconf 88' lang='lat' dir='ltr'><strong>XV</strong></span> <span class='ocrx_word' id='word_1_160' title='bbox 662 2679 798 2751; x_wconf 89' lang='lat' dir='ltr'><strong>dierum,</strong></span> <span class='ocrx_word' id='word_1_161' title='bbox 819 2677 922 2762; x_wconf 85' lang='lat' dir='ltr'><strong>quales</strong></span> <span class='ocrx_word' id='word_1_162' title='bbox 942 2689 1030 2740; x_wconf 81' lang='lat' dir='ltr'><strong>antea</strong></span> <span class='ocrx_word' id='word_1_163' title='bbox 1049 2678 1162 2738; x_wconf 86' lang='lat' dir='ltr'><strong>nemini</strong></span> 
     </span>
     <span class='ocr_line' id='line_1_23' title="bbox 196 2781 1163 2869; baseline 0.001 -26"><span class='ocrx_word' id='word_1_164' title='bbox 196 2781 334 2845; x_wconf 79' lang='lat' dir='ltr'><strong>decretae</strong></span> <span class='ocrx_word' id='word_1_165' title='bbox 354 2783 494 2858; x_wconf 84' lang='lat' dir='ltr'><strong>fuerant,</strong></span> <span class='ocrx_word' id='word_1_166' title='bbox 516 2786 712 2869; x_wconf 80' lang='lat' dir='ltr'><strong>stipendium,</strong></span> <span class='ocrx_word' id='word_1_167' title='bbox 729 2796 760 2848; x_wconf 89' lang='lat' dir='ltr'><strong>et</strong></span> <span class='ocrx_word' id='word_1_168' title='bbox 775 2786 806 2844; x_wconf 89' lang='lat' dir='ltr'><strong>X</strong></span> <span class='ocrx_word' id='word_1_169' title='bbox 825 2785 956 2868; x_wconf 76' lang='lat' dir='ltr'><strong>legatos,</strong></span> <span class='ocrx_word' id='word_1_170' title='bbox 976 2795 1007 2847; x_wconf 89' lang='lat' dir='ltr'><strong>et</strong></span> <span class='ocrx_word' id='word_1_171' title='bbox 1026 2783 1163 2845; x_wconf 87' lang='lat' dir='ltr'><strong>luculen-</strong></span> 
     </span>
     <span class='ocr_line' id='line_1_24' title="bbox 196 2888 1249 2975; baseline 0 -27"><span class='ocrx_word' id='word_1_172' title='bbox 196 2899 261 2949; x_wconf 82' lang='lat' dir='ltr'><strong>tam</strong></span> <span class='ocrx_word' id='word_1_173' title='bbox 282 2888 430 2952; x_wconf 76' lang='lat' dir='ltr'><strong>habuerat</strong></span> <span class='ocrx_word' id='word_1_174' title='bbox 459 2891 498 2953; x_wconf 85' lang='lat' dir='ltr'><strong>de</strong></span> <span class='ocrx_word' id='word_1_175' title='bbox 528 2891 734 2957; x_wconf 81' lang='lat' dir='ltr'><strong>conservanda</strong></span> <span class='ocrx_word' id='word_1_176' title='bbox 759 2892 879 2953; x_wconf 82' lang='lat' dir='ltr'><strong>Caesari</strong></span> <span class='ocrx_word' id='word_1_177' title='bbox 910 2893 1066 2975; x_wconf 84' lang='lat' dir='ltr'><strong>provincia</strong></span> <span class='ocrx_word' id='word_1_178' title='bbox 1086 2911 1158 2950; x_wconf 84' lang='lat' dir='ltr'><strong>ora·</strong></span> <span class='ocrx_word' id='word_1_179' title='bbox 1246 2948 1249 2961; x_wconf 57' lang='grc'><em>,</em></span> 
     </span>
    </p>

    <p class='ocr_par' dir='ltr' id='par_1_11' title="bbox 143 2990 1162 3294">
     <span class='ocr_line' id='line_1_25' title="bbox 143 2990 1161 3087; baseline 0.001 -32"><span class='ocrx_word' id='word_1_180' title='bbox 143 2990 146 2995; x_wconf 78' lang='grc'><strong>’</strong></span> <span class='ocrx_word' id='word_1_181' title='bbox 198 2997 326 3069; x_wconf 90' lang='lat' dir='ltr'><strong>tionem,</strong></span> <span class='ocrx_word' id='word_1_182' title='bbox 346 3018 424 3078; x_wconf 86' lang='lat' dir='ltr'><strong>quae</strong></span> <span class='ocrx_word' id='word_1_183' title='bbox 444 2997 544 3059; x_wconf 83' lang='lat' dir='ltr'><strong>adhuc</strong></span> <span class='ocrx_word' id='word_1_184' title='bbox 564 3008 673 3071; x_wconf 83' lang='lat' dir='ltr'><strong>exstet,</strong></span> <span class='ocrx_word' id='word_1_185' title='bbox 694 3001 839 3081; x_wconf 81' lang='lat' dir='ltr'><strong>inscripta</strong></span> <span class='ocrx_word' id='word_1_186' title='bbox 857 2997 894 3061; x_wconf 87' lang='lat' dir='ltr'><strong>de</strong></span> <span class='ocrx_word' id='word_1_187' title='bbox 907 2997 998 3058; x_wconf 86' lang='lat' dir='ltr'><strong>Prov.</strong></span> <span class='ocrx_word' id='word_1_188' title='bbox 1013 2993 1161 3087; x_wconf 64' lang='lat' dir='ltr'><strong>consuler.</strong></span> 
     </span>
     <span class='ocr_line' id='line_1_26' title="bbox 201 3099 1162 3186; baseline 0.001 -25"><span class='ocrx_word' id='word_1_189' title='bbox 201 3099 277 3162; x_wconf 83' lang='lat' dir='ltr'><strong>Cum</strong></span> <span class='ocrx_word' id='word_1_190' title='bbox 288 3102 401 3186; x_wconf 79' lang='lat' dir='ltr'><strong>Appio,</strong></span> <span class='ocrx_word' id='word_1_191' title='bbox 417 3106 561 3165; x_wconf 86' lang='lat' dir='ltr'><strong>nimirum</strong></span> <span class='ocrx_word' id='word_1_192' title='bbox 579 3104 724 3180; x_wconf 83' lang='lat' dir='ltr'><strong>Pulchro,</strong></span> <span class='ocrx_word' id='word_1_193' title='bbox 735 3106 771 3167; x_wconf 91' lang='lat' dir='ltr'><strong>P.</strong></span> <span class='ocrx_word' id='word_1_194' title='bbox 785 3104 882 3168; x_wconf 88' lang='lat' dir='ltr'><strong>Clodii</strong></span> <span class='ocrx_word' id='word_1_195' title='bbox 896 3103 1003 3177; x_wconf 84' lang='lat' dir='ltr'><strong>fratre,</strong></span> <span class='ocrx_word' id='word_1_196' title='bbox 1017 3122 1078 3185; x_wconf 88' lang='lat' dir='ltr'><strong>quo</strong></span> <span class='ocrx_word' id='word_1_197' title='bbox 1092 3120 1162 3163; x_wconf 83' lang='lat' dir='ltr'><strong>sum</strong></span> 
     </span>
     <span class='ocr_line' id='line_1_27' title="bbox 199 3211 735 3294; baseline 0.011 -27"><span class='ocrx_word' id='word_1_198' title='bbox 199 3228 237 3267; x_wconf 86' lang='lat' dir='ltr'><strong>eo</strong></span> <span class='ocrx_word' id='word_1_199' title='bbox 257 3211 379 3269; x_wconf 90' lang='lat' dir='ltr'><strong>nomine</strong></span> <span class='ocrx_word' id='word_1_200' title='bbox 400 3211 570 3283; x_wconf 78' lang='lat' dir='ltr'><strong>inimicitias</strong></span> <span class='ocrx_word' id='word_1_201' title='bbox 591 3222 735 3294; x_wconf 80' lang='lat' dir='ltr'><strong>gesserat.</strong></span> 
     </span>
    </p>

    <p class='ocr_par' dir='ltr' id='par_1_12' title="bbox 160 3315 556 3391">
     <span class='ocr_line' id='line_1_28' title="bbox 160 3315 556 3391; baseline 0.013 -18"><span class='ocrx_word' id='word_1_202' title='bbox 160 3334 197 3373; x_wconf 73' lang='grc' dir='ltr'><em>η</em></span> <span class='ocrx_word' id='word_1_203' title='bbox 221 3315 322 3391; x_wconf 85' lang='lat' dir='ltr'><strong>Quem</strong></span> <span class='ocrx_word' id='word_1_204' title='bbox 343 3315 422 3378; x_wconf 83' lang='lat' dir='ltr'><strong>male</strong></span> <span class='ocrx_word' id='word_1_205' title='bbox 443 3315 556 3378; x_wconf 86' lang='lat' dir='ltr'><strong>oderat.</strong></span> 
     </span>
    </p>
   </div>
   <div class='ocr_carea' id='block_1_5' title="bbox 160 3420 1163 3600">
    <p class='ocr_par' dir='ltr' id='par_1_13' title="bbox 160 3420 1163 3600">
     <span class='ocr_line' id='line_1_29' title="bbox 160 3420 1163 3508; baseline 0.006 -28"><span class='ocrx_word' id='word_1_206' title='bbox 160 3422 199 3480; x_wconf 78' lang='lat'><strong>13</strong></span> <span class='ocrx_word' id='word_1_207' title='bbox 220 3420 345 3484; x_wconf 86' lang='lat' dir='ltr'><strong>Reditus</strong></span> <span class='ocrx_word' id='word_1_208' title='bbox 376 3422 488 3484; x_wconf 89' lang='lat' dir='ltr'><strong>scilieet</strong></span> <span class='ocrx_word' id='word_1_209' title='bbox 507 3425 566 3486; x_wconf 90' lang='lat' dir='ltr'><strong>mei</strong></span> <span class='ocrx_word' id='word_1_210' title='bbox 586 3423 626 3487; x_wconf 84' lang='lat' dir='ltr'><strong>eb</strong></span> <span class='ocrx_word' id='word_1_211' title='bbox 648 3425 769 3503; x_wconf 87' lang='lat' dir='ltr'><strong>exsilio,·</strong></span> <span class='ocrx_word' id='word_1_212' title='bbox 800 3447 869 3487; x_wconf 90' lang='lat' dir='ltr'><strong>cum</strong></span> <span class='ocrx_word' id='word_1_213' title='bbox 900 3424 1031 3498; x_wconf 76' lang='lat' dir='ltr'><strong>affectu,</strong></span> <span class='ocrx_word' id='word_1_214' title='bbox 1058 3434 1094 3487; x_wconf 89' lang='lat' dir='ltr'><strong>ut</strong></span> <span class='ocrx_word' id='word_1_215' title='bbox 1113 3445 1163 3508; x_wconf 88' lang='lat' dir='ltr'><strong>ep.</strong></span> 
     </span>
     <span class='ocr_line' id='line_1_30' title="bbox 199 3526 441 3600; baseline 0.017 -14"><span class='ocrx_word' id='word_1_216' title='bbox 199 3526 356 3600; x_wconf 84' lang='lat' dir='ltr'>CX111,5</span> <span class='ocrx_word' id='word_1_217' title='bbox 377 3531 441 3590; x_wconf 91' lang='lat' dir='ltr'><strong>init.</strong></span> 
     </span>
    </p>
   </div>
   <div class='ocr_carea' id='block_1_6' title="bbox 161 3632 1160 4039">
    <p class='ocr_par' dir='ltr' id='par_1_14' title="bbox 161 3632 1160 3799">
     <span class='ocr_line' id='line_1_31' title="bbox 161 3632 1160 3724; baseline 0.005 -31"><span class='ocrx_word' id='word_1_218' title='bbox 161 3632 200 3709; x_wconf 68' lang='lat'><strong>¹4</strong></span> <span class='ocrx_word' id='word_1_219' title='bbox 220 3632 346 3716; x_wconf 76' lang='lat' dir='ltr'><strong>Frigere</strong></span> <span class='ocrx_word' id='word_1_220' title='bbox 367 3637 466 3697; x_wconf 87' lang='lat' dir='ltr'><strong>visum</strong></span> <span class='ocrx_word' id='word_1_221' title='bbox 486 3648 530 3701; x_wconf 87' lang='lat' dir='ltr'><strong>est</strong></span> <span class='ocrx_word' id='word_1_222' title='bbox 549 3639 646 3722; x_wconf 83' lang='lat' dir='ltr'><strong>ipsum</strong></span> <span class='ocrx_word' id='word_1_223' title='bbox 665 3638 824 3718; x_wconf 87' lang='lat' dir='ltr'><strong>Emestio;</strong></span> <span class='ocrx_word' id='word_1_224' title='bbox 854 3640 990 3724; x_wconf 81' lang='lat' dir='ltr'><strong>proxime</strong></span> <span class='ocrx_word' id='word_1_225' title='bbox 1014 3648 1060 3702; x_wconf 85' lang='lat' dir='ltr'><strong>est</strong></span> <span class='ocrx_word' id='word_1_226' title='bbox 1079 3638 1160 3700; x_wconf 89' lang='lat' dir='ltr'><strong>enim</strong></span> 
     </span>
     <span class='ocr_line' id='line_1_32' title="bbox 205 3739 263 3799; baseline 0.034 -2"><span class='ocrx_word' id='word_1_227' title='bbox 205 3739 263 3799; x_wconf 78' lang='lat' dir='ltr'><strong>titt</strong></span> 
     </span>
    </p>

    <p class='ocr_par' dir='ltr' id='par_1_15' title="bbox 167 3843 1004 4039">
     <span class='ocr_line' id='line_1_33' title="bbox 167 3843 531 3912; baseline 0.016 -6"><span class='ocrx_word' id='word_1_228' title='bbox 167 3843 205 3906; x_wconf 77' lang='lat'><strong>15</strong></span> <span class='ocrx_word' id='word_1_229' title='bbox 226 3843 314 3906; x_wconf 79' lang='lat' dir='ltr'><strong>smb.</strong></span> <span class='ocrx_word' id='word_1_230' title='bbox 339 3847 375 3910; x_wconf 79' lang='lat'><strong>15</strong></span> <span class='ocrx_word' id='word_1_231' title='bbox 394 3850 531 3912; x_wconf 80' lang='lat' dir='ltr'><strong>extitisse.</strong></span> 
     </span>
     <span class='ocr_line' id='line_1_34' title="bbox 207 3966 1004 4039; baseline 0.008 -9"><span class='ocrx_word' id='word_1_232' title='bbox 207 3966 314 4032; x_wconf 76' lang='lat' dir='ltr'><strong>Clare.</strong></span> <span class='ocrx_word' id='word_1_233' title='bbox 333 3969 395 4036; x_wconf 82' lang='lat' dir='ltr'><strong>JV.</strong></span> <span class='ocrx_word' id='word_1_234' title='bbox 420 4008 461 4021; x_wconf 96' lang='lat'>—</span> <span class='ocrx_word' id='word_1_235' title='bbox 482 3974 558 4039; x_wconf 78' lang='lat' dir='ltr'><strong>teu.</strong></span> <span class='ocrx_word' id='word_1_236' title='bbox 584 3975 703 4039; x_wconf 69' lang='lat'><strong>12111.</strong></span> <span class='ocrx_word' id='word_1_237' title='bbox 804 3998 807 4003; x_wconf 91' lang='lat'>·</span> <span class='ocrx_word' id='word_1_238' title='bbox 965 3994 1004 4036; x_wconf 84' lang='lat'><strong>20</strong></span> 
     </span>
    </p>
   </div>
   <div class='ocr_carea' id='block_1_7' title="bbox 0 0 1325 4852">
    <p class='ocr_par' dir='ltr' id='par_1_16' title="bbox 0 0 1325 4852">
     <span class='ocr_line' id='line_1_35' title="bbox 0 0 1325 4852; baseline 0 0"><span class='ocrx_word' id='word_1_239' title='bbox 0 0 1325 4852; x_wconf 95' lang='lat' dir='ltr'><strong> </strong></span> 
     </span>
    </p>
   </div>
  </div>
 </body>
</html>
