2632 4852
160 323 231 398 256
499 349 671 400 nassrora
696 353 830 400 ccxxxi.
933 351 963 400 a.
982 356 1017 402 ν.
1036 355 1065 402 c.
1086 368 1129 417 ⁷⁰¹

156 462 302 551 propter
326 450 476 523 hominis
503 452 641 551 sordes,
657 454 771 526 minus
787 479 844 526 me
870 477 1034 554 magnam
1059 455 1154 530 illam

156 575 323 651 laetitiam
354 591 487 677 putare.
522 575 654 650 Credas
684 577 771 650 mihi
800 577 929 677 velim,
963 581 1153 679 magisnec

155 703 285 777 iudicio
308 700 395 804 hoc,
420 728 526 805 quam
550 686 663 776 morte
688 702 851 777 inimici8
877 701 1058 778 laetatum.
1083 706 1155 780 Pri·

156 855 253 902 mum
278 830 371 903 enim
395 828 527 903 iudicio
550 828 644 903 malo
664 847 690 929 a,
715 810 821 932 qbam
855 827 994 931 gladi03
1028 825 1152 905 deinde

159 954 266 1054 gloria
291 957 409 1056 potius
435 956 560 1055 amici,
585 980 691 1057 quam
715 954 920 1028 calamitate.
947 957 990 1028 In
1017 958 1154 1057 primis-

157 1107 225 1183 que
249 1107 306 1155 me
325 1095 353 1132 ¹⁰
381 1078 589 1181 delectavit,
623 1093 763 1155 tantum
794 1078 951 1154 studium
978 1079 1153 1155 bonorum

157 1209 195 1281 in
219 1233 276 1278 me
300 1207 471 1280 exstitisse
496 1221 618 1280 contra
634 1204 874 1281 incredibilem
890 1207 1154 1281 contentionem

157 1331 338 1404 clarissimi
370 1346 406 1404 et
438 1331 674 1432 potentissimi
697 1331 764 1405 viri
777 1345 816 1403 ¹¹.
838 1333 1042 1431 Postremo,
1058 1332 1153 1434 quod

156 1457 217 1532 vix
235 1472 264 1508 ¹²
290 1455 475 1531 verisimile
500 1457 644 1532 fortasse
668 1456 847 1557 videatur,
871 1456 1019 1530 oderam
1042 1456 1175 1557 multo

155 1583 256 1684 peius
279 1583 374 1681 bunc
385 1641 397 1683 ‚
433 1610 540 1685 quam
568 1582 666 1656 illum
696 1583 814 1683 ipsum
844 1578 1020 1657 Clodium.
1050 1582 1152 1658 Illum
1199 1633 1202 1641 .

49 1693 54 1698 ¹
157 1710 251 1781 enim
276 1733 519 1808 oppugnarem
536 1710 583 1781 ¹³:
616 1706 710 1782 hunc
741 1705 974 1782 defenderam.
1000 1708 1053 1781 Et
1074 1707 1152 1807 ille,

157 1860 265 1936 quum
290 1835 404 1907 omnis
428 1861 483 1908 res
507 1833 647 1934 publica
672 1834 710 1906 in
733 1858 814 1907 meo
831 1832 947 1935 capite
964 1831 1151 1907 discrimen

157 1973 248 2033 esset
270 1959 432 2054 habitura
446 1959 489 2062 ¹4,
504 1986 670 2060 magnum
687 1959 853 2062 quiddam
877 1960 1075 2060 spectavit5
1090 1984 1151 2032 nec

156 2112 219 2159 sua
243 2099 388 2186 sponte,
423 2085 486 2160 sed
510 2109 631 2160 eorum
657 2083 784 2158 auxilio
803 2085 844 2186 ¹⁵,
874 2085 935 2185 qui
959 2109 1019 2157 me
1042 2097 1153 2157 stante

157 2225 249 2284 stare
273 2237 347 2285 non
372 2225 552 2312 poterant:
577 2209 635 2286 hic
661 2209 834 2309 simiolus,
859 2208 965 2287 animi
992 2234 1097 2282 causa
1117 2211 1153 2308 ¹⁶,

157 2362 230 2437 me,
255 2338 293 2409 in
318 2364 423 2439 quem
446 2336 687 2436 inveheretur,
711 2334 902 2434 delegerat3
921 2347 1154 2435 persuaserat·

158 2488 225 2564 que
249 2461 427 2535 nonnullis
450 2456 580 2537 invidis
603 2462 710 2561 meis,
734 2487 772 2533 se
796 2461 834 2532 in
858 2485 915 2532 me
940 2460 1153 2534 emissarium

157 2613 295 2686 semper
319 2568 392 2661 soie
410 2603 449 2661 ¹⁷.
479 2587 719 2679 Quamobrem
737 2585 846 2661 ⁴valdo
872 2584 977 2658 iubeo
1005 2586 1152 2684 gaudere

158 2725 201 2784 te.
226 2713 354 2810 Magna
378 2739 434 2788 res
459 2728 554 2813 gesta
580 2725 641 2787 est.
674 2711 874 2817 Numquam
905 2709 967 2782 ulli
993 2709 1151 2785 fortiores

159 2837 253 2910 cives
277 2836 438 2939 luerunt,
471 2865 576 2940 quam
607 2838 668 2938 qui
704 2839 779 2910 ausi
810 2849 893 2910 sunt
924 2849 1153 2914 cumcontra

157 2974 272 3039 tantas
298 2987 384 3062 opes
409 2963 482 3037 eius
496 2966 573 3064 ¹⁸„a
590 2987 660 3065 quo
676 2938 745 3064 ipsi
768 2960 852 3039 lecti
876 2959 1014 3035 iudices
1039 2975 1151 3058 erant,

158 3086 400 3166 condemnare.
438 3088 546 3181 Quod
578 3089 741 3162 fecissent
772 3112 988 3187 numquam,
1021 3087 1090 3160 nisi
1112 3086 1150 3157 iis

157 3211 272 3286 dolori
297 3239 394 3287 meus
419 3213 538 3287 fuisset
563 3212 672 3287 dolor.
698 3212 772 3287 Nos
796 3211 854 3285 hic
878 3209 1151 3284 multitudines

158 3351 194 3409 et
218 3337 417 3413 celebritate
441 3339 675 3438 iudiciorum,
707 3352 743 3410 ot
768 3337 869 3412 novis
893 3335 1032 3435 legibus
1051 3352 1082 3386 ²⁰
1106 3337 1149 3406 ita

159 3459 377 3565 distinemur,
401 3478 441 3538 ut
466 3465 623 3567 quotidie
648 3476 731 3538 vota
756 3463 944 3560 faciamus,
975 3487 1023 3534 ne
1049 3463 1148 3534 inter·

158 3586 289 3665 caletur
305 3607 347 3690 ²¹,
371 3605 412 3664 ut
436 3617 540 3695 quam
565 3592 718 3691 primum
743 3602 778 3662 te
803 3588 923 3681 videre
946 3588 1131 3688 possimus.

613 3840 705 3862 ειμι-ι
