2632 4852
167 307 214 398 34
487 323 656 375 crissoni
680 324 847 372 cxxxviii.
941 321 1133 388 auco„

165 444 324 531 terquam
360 428 455 531 quod
490 428 566 500 sine
598 440 652 522 te,
684 438 838 498 ceterum
862 423 945 497 satis
970 426 1157 502 commode

165 555 366 631 oblectabar
383 557 406 627 ³.
437 556 487 627 Et
518 579 613 626 eram
643 554 682 624 in
714 551 841 624 iisdem
863 548 950 624 locis
974 576 1086 653 usque
1111 553 1158 628 ad

163 682 241 756 Kal.
258 681 374 755 Iunias
399 679 542 753 futurus.
567 675 769 751 scribebam
793 675 867 775 illa,
885 701 974 778 quae
992 676 1159 779 dixeram,
1180 697 1183 702 '

163 811 314 912 rotsind:
347 805 496 909 spissum
528 831 611 878 sane
637 829 725 906 opus
750 816 786 875 ct
811 827 1006 904 operosum.
1033 800 1105 876 Sed
1129 806 1158 878 si

163 959 206 1006 ex
229 935 403 1011 sententia
427 931 644 1006 successerit:
660 927 751 1002 bene
775 927 842 1001 erit
866 953 974 1028 opera
997 931 1115 1029 posita
1131 930 1157 1004 4.

98 1144 102 1150 .
163 1059 224 1130 Sin
248 1060 379 1131 minus:
404 1059 443 1130 in
467 1056 554 1130 illud
579 1057 696 1155 ipsum
715 1081 810 1129 mare
828 1054 1043 1153 deiiciemns,
1060 1056 1159 1156 quod

163 1183 353 1258 scribentes
372 1197 571 1283 spectamus
584 1183 609 1253 ⁵.
626 1179 876 1280 Aggrediemur
892 1178 973 1279 alia,
989 1183 1159 1283 quonium

164 1309 340 1408 quiescere
359 1334 433 1382 non
458 1334 652 1423 possumus.
677 1307 754 1380 Tua
778 1305 945 1378 mandata
969 1330 1160 1409 persequar

164 1433 368 1532 diligenter,
391 1447 428 1507 et
453 1432 683 1532 adiungendis
708 1430 925 1529 hominibus,
954 1445 991 1505 et
1015 1432 1158 1534 quibus·

164 1557 278 1631 dam⁶
302 1583 376 1633 non
401 1559 601 1632 alienandis.
634 1548 807 1630 Maximae
831 1555 919 1630 mihi
943 1582 1028 1632 vero
1055 1585 1157 1633 curae

163 1686 250 1785 erit,
287 1698 327 1758 ut
357 1685 563 1760 Ciceronem
599 1698 699 1756 tunm
736 1697 964 1785 nostrumque
996 1682 1158 1784 videam,

163 1810 295 1884 scilicet
320 1809 493 1911 quotidie:
525 1809 588 1883 sed
617 1824 653 1881 et
677 1809 892 1909 inspiciamt
919 1809 1004 1912 quid
1029 1810 1158 1912 discat,

127 2015 129 2018 ,
163 1960 268 2036 quam
294 1936 512 2037 saepissime,
537 1949 594 2033 et,
619 1936 688 2007 nisi
711 1935 769 2007 ille
794 1949 998 2009 contemnet
1009 1939 1035 2034 ⁸,
1052 1938 1157 2011 etiam

161 2047 365 2160 magistrum
388 2088 446 2133 me
471 2062 503 2133 ei
527 2060 737 2161 profitebor:
757 2063 854 2134 cuius
879 2063 929 2134 rei
953 2061 1157 2138 nonnullam

163 2172 451 2261 consuetudinem
476 2201 600 2260 nactus
625 2213 703 2259 sum
727 2188 765 2259 in
789 2187 858 2259 hoc
879 2187 1006 2262 horum
1023 2187 1157 2262 dierum

161 2314 256 2410 otiu,
282 2314 451 2385 Cicerone
476 2326 597 2385 nostro
623 2312 758 2384 minore
783 2312 1008 2411 perducendo
1024 2331 1051 2386 9.
1082 2315 1156 2414 Tu,

163 2436 460 2535 quemadmodum
492 2435 639 2535 scribis,
670 2436 767 2536 quod
791 2440 900 2533 etiam,
921 2441 950 2511 si
974 2464 1048 2512 non
1073 2442 1156 2514 scri·

161 2559 282 2659 beres,
318 2559 430 2634 facere
462 2576 498 2633 te
531 2560 790 2660 diligentissime
828 2578 946 2637 tamen
982 2565 1156 2668 sciebam,

160 2687 265 2761 facies
291 2686 438 2786 scilicet,
462 2703 502 2761 nt
525 2715 603 2761 mea
628 2689 793 2762 mandata
814 2707 842 2742 ¹⁰
870 2690 1022 2791 digeras,
1039 2719 1155 2793 perse·

162 2838 288 2912 quare,
326 2815 498 2887 conficias.
534 2816 635 2913 Ego,
674 2842 782 2915 quum
818 2817 966 2894 Romam
1002 2844 1132 2894 venero
1143 2870 1154 2915 7

160 2937 293 3022 nullum
324 2942 600 3038 praetermittam
631 2943 788 3014 Caesaris
821 2942 1064 3047 tabellarium,
1101 2949 1154 3020 cui

159 3062 275 3137 literas
300 3063 345 3137 ad
370 3078 404 3136 te
429 3089 501 3138 non
528 3065 616 3141 dem.
641 3068 705 3139 His
731 3066 853 3140 diebus
880 3070 1079 3167 (ignosces)
1099 3073 1153 3146 cui

160 3186 296 3297 darem,
320 3189 384 3262 fuit
407 3204 511 3265 nemo
538 3207 618 3264 ante
642 3192 737 3270 hunc
763 3194 810 3265 M.
833 3193 987 3294 Orfium,
1002 3191 1154 3298 equitem

157 3312 353 3388 Romanum
366 3332 405 3415 ¹¹,
428 3331 588 3390 nostrum
613 3331 648 3388 et
673 3320 987 3419 pernecessarium,
1004 3336 1041 3394 et
1059 3323 1155 3424 quod

156 3453 209 3513 est
234 3467 276 3513 ex
300 3443 492 3542 municipio
518 3442 696 3518 Atellano:
722 3445 819 3546 quod
844 3448 911 3519 scis
937 3473 1012 3520 esse
1030 3449 1153 3522 infide

156 3580 283 3639 nostra.
322 3569 445 3669 Itaque
477 3595 558 3642 eum
591 3569 656 3641 tibi
687 3571 896 3645 commendo
922 3574 960 3645 in
984 3575 1153 3648 maiorem

157 3689 323 3794 modum,
349 3693 527 3767 hominem
560 3695 656 3768 domi
681 3696 927 3797 splendidum,
962 3702 1152 3798 gratiosum

156 3813 260 3888 etiam
285 3831 380 3892 extra
407 3816 563 3896 domum:
582 3849 685 3924 quem
710 3823 763 3896 sac
790 3838 829 3899 ut
857 3839 916 3900 tua
940 3823 1148 3901 liberalitate
