2632 4852
176 317 247 390 238
500 335 670 385 nrrsroua
694 337 833 386 ccxxvi.
956 335 988 387 Δ.
1001 340 1036 388 v.
1053 340 1085 388 c.
1103 355 1149 401 700

171 445 249 540 Ego
273 455 325 540 te,
350 441 389 513 P.
414 438 522 538 Sexti,
547 452 583 511 et
607 439 729 540 primis
754 438 972 540 temporibus
997 437 1085 540 illis,
1100 443 1175 543 qui·

170 568 237 640 bus
261 568 298 639 in
322 564 490 640 invidiam
516 563 656 665 absens,
680 564 778 638 etin
803 562 963 638 crimen4
980 565 1174 666 vocabam,

171 691 308 766 defendi
325 693 357 792 ⁵3
382 705 435 791 et,
458 717 566 794 quum
590 689 629 763 in
654 690 705 763 tui
729 689 1018 766 familiarissimi⁸
1037 682 1170 766 iudicio

109 904 114 917 Ι
169 844 211 891 ac
234 816 392 918 periculo
416 831 516 890 tuum
547 815 707 904 [crimen
723 827 759 908 1⁷
798 816 1070 916 coniungeretur
1082 872 1095 916 ,
1130 831 1170 891 ut

168 944 269 1044 potui
294 943 572 1043 accuratissime,
595 957 631 1016 te
656 956 821 1044 tuamque
854 968 998 1016 causam
1032 955 1168 1015 murus

167 1095 268 1168 sum,
299 1082 336 1141 et
359 1070 540 1169 proxime,
569 1069 701 1142 recenti
726 1067 882 1141 adventu
906 1093 988 1142 meo
1004 1068 1033 1167 ⁸,
1059 1094 1168 1169 quum

166 1221 241 1268 rem
273 1194 372 1268 aliter
403 1196 597 1268 institutam
629 1194 871 1293 offendissem,
902 1219 944 1268 ac
976 1193 1065 1266 mihi
1089 1194 1167 1296 pla-

167 1321 315 1418 cuisset,
339 1319 369 1393 si
393 1321 583 1418 affuissem,
608 1334 727 1394 tamen
750 1319 845 1393 nulla
870 1336 938 1392 rea
954 1318 1062 1392 saluti
1085 1333 1166 1394 tuae

167 1444 282 1518 defui:
318 1471 496 1547 quumque
528 1471 571 1519 eo
601 1458 761 1546 tempore
784 1442 917 1519 invidia
942 1469 1107 1518 annonae
1125 1461 1165 1543 ¹⁰,

165 1570 298 1642 inimici
331 1595 404 1643 non
435 1571 546 1644 solum
584 1569 653 1668 tui,
689 1595 808 1643 verum
840 1569 945 1642 etiarn
971 1570 1163 1643 amicorum

166 1708 321 1794 tuorum,
345 1697 508 1797 iniquitas
533 1694 641 1768 totius
666 1693 800 1792 iudicii,
824 1693 1003 1795 multaque
1031 1695 1098 1767 alia
1114 1696 1162 1767 rci

164 1819 325 1919 publicae
350 1821 450 1917 vitia,
482 1820 561 1920 plus
594 1845 699 1922 quam
732 1845 836 1892 causa
861 1820 939 1921 ipsa
965 1820 1162 1921 veritasque

165 1944 371 2042 valuissent,
394 1944 520 2018 Publio
546 1959 608 2017 tuo
624 1961 652 1995 ¹¹
671 1971 784 2046 neque
808 1970 933 2045 opera,
948 1970 1066 2046 neque
1083 1970 1161 2018 con-

164 2069 260 2168 silio,
284 2096 398 2171 neque
422 2069 559 2170 labore,
582 2096 696 2171 neque
722 2071 848 2168 gratia,
867 2095 984 2170 neque
1009 2071 1161 2143 testimo·

163 2196 224 2268 nio
251 2195 353 2267 demi.
379 2195 635 2296 Quamobrem,
653 2194 813 2268 omnibus
838 2193 962 2268 officiis
988 2195 1160 2276 amicitiae

164 2321 346 2420 diligenter
370 2347 390 2395 a
415 2347 472 2394 me
504 2336 692 2423 sancteque
723 2319 887 2420 servatis,
917 2344 964 2392 ne
988 2319 1061 2394 hoc
1085 2321 1159 2422 qui·

164 2444 246 2517 dem
269 2446 620 2546 praetermittendum
644 2472 719 2520 esse
745 2444 849 2545 duxi,
876 2423 978 2517 tent
1001 2444 1158 2520 hortarer

162 2597 408 2674 rogaremque,
431 2588 472 2646 ut
496 2588 532 2646 et
555 2573 734 2647 hominem
759 2586 812 2672 te,
836 2586 873 2644 et
897 2573 1015 2646 virum
1033 2589 1063 2623 ¹²
1085 2597 1156 2645 esse

161 2696 396 2797 meminisses,
426 2699 466 2770 id
494 2712 565 2798 cst,
595 2711 697 2771 utet
722 2722 945 2771 communem
968 2697 1157 2771 incertum·

162 2845 229 2921 que
247 2847 381 2921 casum,
398 2851 503 2924 quem
518 2849 632 2925 neque
648 2825 760 2897 vitare
781 2824 964 2925 quisquam
980 2837 1156 2921 nostrum,

158 2971 226 3018 nec
249 2961 426 3047 praestare
449 2949 522 3023 ullo
546 2963 653 3052 pacto
678 2963 814 3050 potest,-
832 2949 1011 3048 sapientcr
1035 2948 1155 3044 ferrem

159 3085 197 3151 et
216 3070 333 3146 'dolori
366 3075 502 3148 fortiter
540 3102 581 3148 ac
613 3076 772 3149 fortunae
798 3075 974 3146 resisteres
981 3100 993 3171 3
1030 3073 1154 3171 cogita·

158 3222 298 3298 resque,
323 3188 420 3272 etin
444 3215 564 3274 nostra
598 3203 738 3274 civitate
764 3214 801 3273 et
823 3201 861 3272 in
886 3199 1035 3298 ceteris,
1067 3222 1153 3300 quae

157 3349 273 3395 rerum
310 3325 444 3425 potitae
482 3341 564 3400 sunt
585 3329 625 3424 ¹³,
661 3326 780 3400 multis
815 3325 1013 3399 fortissimis
1050 3336 1151 3423 atque

157 3451 299 3548 optimis
324 3452 427 3550 viris,
463 3453 599 3526 iniustis
630 3452 789 3551 iudiciis,
821 3450 907 3524 tales
940 3477 1043 3524 casus
1067 3449 1150 3523 inci·

157 3574 248 3648 disse
267 3575 306 3648 ¹4.
342 3577 435 3652 Illud
466 3581 600 3653 utinam
630 3605 675 3651 ne
707 3604 789 3652 vere
817 3577 1024 3674 scriberem,
1050 3601 1091 3648 ea
1114 3586 1146 3645 te

155 3701 357 3800 republica
390 3729 526 3801 carcre,
563 3706 599 3777 in
632 3731 700 3804 qua
731 3705 906 3790 neminem
938 3701 1142 3802 prudentem

155 3823 332 3901 hominem
357 3856 411 3902 res
436 3829 505 3902 ulla
531 3829 679 3904 delectet
692 3832 730 3900 ¹⁵.
747 3831 800 3904 De
826 3843 887 3903 tuo
913 3839 1031 3901 autem
1056 3823 1123 3899 filio
1135 3873 1144 3916 ,
