2632 4852
265 338 332 431 164
611 357 781 407 ῑΡιετοιΑ
807 360 902 404 eurr.
1037 355 1068 404 t.
1082 357 1117 405 v.
1135 357 1166 404 c.
1182 357 1232 418 ⁶99

259 460 405 536 oonsilio
421 459 602 533 sententiis
626 458 880 533 condemnatus
897 458 944 531 sit
960 455 1128 557 XXXII,
1147 485 1256 559 quum

257 587 367 661 Lxx
391 585 552 660 tulissent
563 603 588 657 ⁸.
605 588 671 659 Est
695 587 840 660 omnino
865 599 939 658 tam
960 585 1055 683 gravi
1071 583 1166 657 fama
1187 585 1257 659 hoo

258 712 446 813 iudicium,
468 725 510 784 nt
532 711 695 787 videatur
710 690 854 816 reliquis·
867 709 1004 784 iudiciis
1022 712 1038 759 ³
1062 711 1255 812 periturus,

260 851 297 911 et
322 838 471 911 martimo
497 836 541 914 de
559 839 717 939 pecuniis
734 835 945 939 repetundis.
972 836 1042 910 Sed
1060 837 1163 912 rides
1180 837 1256 910 nul·

260 963 331 1040 lam
363 990 438 1041 esse
468 989 542 1040 rem
567 962 762 1064 publicam,
785 963 920 1037 nullum
951 962 1130 1063 senatum,
1160 962 1253 1037 nulla

258 1089 404 1188 iudicia,
427 1087 559 1166 nullam
582 1089 620 1160 in
636 1087 733 1162 nullo
749 1102 909 1163 nostrum
927 1087 1141 1186 dignitatem.
1159 1087 1253 1178 Quid

259 1214 361 1315 plura
387 1212 431 1286 de
454 1212 650 1311 iudicibus-l
674 1213 746 1287 duo
770 1215 915 1311 pretorii
932 1213 1112 1311 sederunt,
1136 1214 1255 1287 Domi·

261 1340 331 1413 tius
356 1339 540 1439 calvinus,
564 1341 594 1412 is
619 1354 738 1439 aperte
764 1339 929 1439 absolvit,
952 1352 993 1411 ut
1017 1363 1141 1412 omnes
1158 1338 1254 1414 vide·

260 1479 354 1538 rent:
379 1480 415 1538 et
440 1467 529 1539 Cato
546 1465 579 1564 43
602 1466 649 1564 is,
674 1464 857 1538 diremtis⁵
875 1464 1027 1563 tabellis,
1052 1434 1098 1536 de
1123 1463 1251 1539 circulo

259 1617 296 1664 se
322 1591 504 1689 subduxit,
528 1605 565 1663 et
589 1592 760 1690 Pompeio
784 1587 917 1690 primus
936 1591 1121 1663 nuntiavit
1146 1591 1252 1662 Aiunt

259 1716 436 1814 nonnulli,
461 1715 641 1789 Sallustius
666 1717 750 1789 item
763 1720 790 1814 ⁶,
807 1742 862 1788 me
892 1716 1088 1816 oportuisse
1113 1741 1252 1789 accusa-

258 1866 306 1915 re.
331 1841 378 1917 Iis
406 1866 470 1943 ego
499 1841 672 1916 iudicibus
702 1841 979 1922 committerem?
1003 1840 1101 1934 Quid
1127 1867 1252 1938 essem,

259 1967 308 2065 si,
331 1992 388 2040 me
414 1979 554 2067 agente,
580 1981 671 2042 esset
695 1967 853 2068 elapsus?
878 1967 948 2040 Sed
971 1992 1029 2040 me
1054 1964 1122 2039 alia
1138 1991 1252 2039 move·

258 2105 349 2166 runt
375 2091 458 2166 Non
481 2106 640 2194 putasset
665 2093 730 2170 sibi
763 2094 953 2196 Pompeius
982 2092 1026 2165 de
1050 2091 1144 2166 illius
1168 2091 1256 2168 salu·-

260 2230 317 2316 te,
341 2216 406 2291 sed
430 2216 475 2291 de
499 2244 563 2292 sua
589 2217 757 2317 dignitate
789 2245 928 2293 mecum
957 2243 1033 2292 esse
1063 2231 1250 2313 certamem

258 2343 296 2414 in
320 2342 444 2416 urbem
467 2343 631 2417 intrasset
648 2356 685 2441 ⁷3·
706 2343 753 2416 ad
776 2343 973 2436 inimicitius
1005 2368 1062 2416 res
1086 2343 1250 2439 venisset,

259 2492 340 2543 cum
364 2468 556 2546 Aesernino
581 2467 737 2544 Samnite
760 2468 1004 2572 Pacidianus⁸
1031 2467 1250 2568 comparatus

260 2590 420 2693 viderer,
452 2594 641 2668 auriculam
673 2593 818 2671 sortasse
843 2593 1020 2670 mordicus
1045 2591 1248 2687 abstulisset

259 2717 349 2789 Cum
382 2718 508 2793 Clodio
541 2720 683 2823 quidem
716 2733 809 2793 certe
840 2720 1000 2794 rediisset
1030 2721 1067 2791 in
1101 2719 1251 2819 gratiam.

258 2843 335 2940 Ego
361 2870 446 2916 vero
470 2872 588 2918 meum
606 2845 789 2919 consilium
815 2848 863 2934 (si
888 2847 1091 2946 praesertim
1118 2860 1158 2918 tu
1183 2871 1252 2918 non

258 2967 458 3067 improbas)
485 2969 709 3049 vehementer
733 2971 901 3072 approbo.
928 2970 990 3047 Ille
998 3027 1008 3069 ,
1033 2998 1143 3072 quum
1163 2996 1251 3045 ame

258 3063 487 3191 singularibus
513 3099 598 3170 meis
623 3097 746 3170 studiis
773 3111 914 3170 ornatus
945 3110 1052 3195 esset,
1077 3123 1251 3198 quumque

259 3244 324 3316 ego
349 3219 398 3292 illi
425 3222 513 3295 nihil
531 3222 693 3295 deberem
707 3243 732 3321 9,
749 3222 806 3295 ille
823 3222 907 3294 mihi
924 3223 1058 3321 omnia,
1078 3236 1202 3311 ,tamen
1217 3223 1251 3293 iu

257 3368 295 3416 re
321 3345 460 3444 publica
483 3375 576 3421 mea
600 3375 635 3421 se
662 3349 922 3428 dissentientem
946 3375 1018 3421 non
1043 3346 1127 3420 tulit
1150 3345 1251 3439 (nihil

258 3464 373 3549 diuam
391 3466 564 3570 gravius)
577 3530 587 3573 ,
620 3490 655 3547 et
687 3478 801 3554 minus
834 3488 959 3576 potens
992 3499 1034 3547 eo
1073 3487 1251 3578 tempore,

257 3591 342 3694 quid
374 3597 411 3666 in
445 3625 500 3670 me
537 3597 719 3679 florentem
756 3615 897 3703 posset,
929 3599 1093 3677 ostendit.
1131 3600 1248 3695 Nunc,

258 3744 364 3816 quum
390 3748 453 3821 ego
480 3751 524 3797 ne
551 3753 667 3798 curem
702 3728 842 3828 quidem
874 3727 1022 3799 multum
1052 3753 1178 3826 posse,
1200 3749 1248 3796 res

256 3844 395 3942 quidem
422 3851 560 3950 publica
588 3867 679 3933 certe
704 3853 790 3931 nihil
814 3856 942 3954 possit,
968 3879 1058 3930 unus.
1083 3852 1143 3933 ille
1176 3875 1241 3930 om-
