2632 4852
432 315 468 360 m
495 307 683 360 arrsroats
987 291 1060 392 339

57 436 93 476 ra
116 412 274 501 Intellige,
295 414 416 472 comitia
436 411 653 485 habebuntur,
683 423 713 474 et
743 409 790 472 his
811 415 939 475 comitiis
963 415 1059 479 factus

94 523 152 582 erit
172 521 285 581 consul.
305 520 375 580 Sine
394 518 519 594 iudicio,
547 519 577 579 h.
603 542 627 581 e.
653 522 786 581 accusari
807 542 867 581 non
888 525 1001 604 poterit
1021 524 1059 586 dc

95 628 214 688 ambitu
236 627 305 710 (ep.
327 628 410 702 CLI,
430 630 488 707 ης
508 627 561 688 sed
581 629 681 689 statim
702 628 890 719 consulatum
911 629 1064 708 inibit;ai

91 757 148 818 per
166 734 355 808 dictatorem,
368 746 422 796 etc.
438 735 530 813 Quod
550 755 656 796 verum
677 734 742 796 fuit
758 737 834 796 Nam
847 737 974 797 Messala
990 749 1062 821 post

97 842 187 924 plura
219 844 392 923 interregna
422 863 523 902 mense
556 842 683 921 Quintili
713 845 747 903 A.
768 842 807 904 V.
828 843 861 904 C.
882 843 963 904 DCC
989 854 1057 904 tan·

97 949 167 1010 dem
188 969 259 1009 cum
279 948 414 1010 Domitio
435 949 538 1010 consul
560 960 677 1012 creatus
697 961 749 1011 est
773 949 848 1011 Post
868 951 1058 1013 consulatum

96 1057 131 1117 Α.
151 1054 263 1114 DCClI
284 1054 321 1115 de
342 1053 633 1117 ambituaccusatus
654 1067 712 1131 est,
731 1067 762 1117 ct
781 1056 956 1119 defendente
978 1058 1057 1119 Hor·

96 1163 192 1223 tensio
212 1158 367 1224 absolutus
389 1164 452 1245 (ep.
465 1162 567 1235 CCII,
592 1165 632 1243 ι).
654 1162 758 1224 Restat
778 1163 941 1225 videndum
963 1185 1060 1246 quare

95 1268 224 1330 Messala
244 1268 390 1329 iudicium
410 1269 449 1329 de
469 1268 586 1331 ambitu
606 1280 682 1331 esset
703 1269 903 1344 deviaturus,
920 1272 944 1331 ai
965 1273 1060 1332 comi·

98 1378 140 1434 tia
159 1395 215 1457 per
236 1376 416 1458 interregem
436 1374 638 1450 haberentur,
657 1387 690 1438 et
709 1388 834 1450 contra,
859 1380 892 1437 in
913 1376 1060 1438 iudicium

97 1479 265 1554 vocandus,
285 1483 402 1544 etiamsi
423 1484 486 1544 sine
506 1482 660 1566 periculo,
680 1487 704 1545 si
725 1505 781 1568 per
794 1484 980 1544 dictatorem.
993 1483 1060 1544 Pri·

97 1609 205 1662 mum,
230 1601 326 1671 puto,
353 1591 425 1673 quia
445 1593 476 1654 in
496 1593 668 1674 interregno
688 1592 799 1653 iudicia
819 1591 963 1666 silebant3
984 1591 1060 1652 alte·

97 1717 184 1769 rum,
206 1695 289 1778 quod
309 1718 364 1759 nec
389 1697 538 1781 Pompeio
560 1699 651 1779 (narn
671 1700 696 1760 is
716 1697 845 1759 dictator
865 1695 1060 1782 praedicaba-

98 1815 166 1877 tur3
188 1824 236 1884 ep.
258 1824 322 1886 sup.
344 1803 384 1885 5)
405 1803 549 1878 Messala.
567 1825 666 1888 neque
685 1803 740 1866 ulli
761 1807 872 1867 invisus
892 1815 976 1867 esset.

59 1911 95 1969 13
117 1911 180 1988 Qui
200 1910 344 1971 Messalae
367 1911 460 1971 t'rater
480 1914 615 2001 uterinus
636 1922 708 1973 erat.
730 1911 848 1972 Manat.

57 2017 96 2094 ¹4
117 2016 185 2077 Hoc
204 2026 263 2089 est,
282 2015 335 2078 fiet
354 2019 524 2103 exemplum
538 2016 610 2092 reis,
623 2040 654 2079 se
667 2039 756 2102 posse
772 2019 982 2099 impunitatem
997 2039 1059 2079 sce·

99 2123 197 2183 lerum
219 2123 364 2186 othnere.

58 2229 248 2291 15·Comitia
268 2229 373 2292 haberi
393 2229 531 2303 volebat,
550 2242 580 2292 et
601 2229 754 2292 reiiciebat
773 2230 964 2306 dictaturam.

59 2336 97 2398 16
119 2337 156 2398 H.
177 2359 203 2399 e.
226 2359 323 2421 pauca
343 2337 443 2400 habeo
463 2339 623 2422 mancipia.

60 2467 95 2525 ¹7
118 2445 258 2506 Vatinius
279 2446 371 2507 literis
395 2446 494 2506 Roma
514 2446 554 2505 ad
577 2426 734 2506 Caesarem
760 2447 873 2517 missis,
893 2463 1058 2525 quaecum-

97 2572 159 2633 que
178 2551 307 2625 diceret,
328 2564 466 2634 ageretve
487 2553 608 2626 Cicero,
634 2563 791 2635 tamquam
817 2551 991 2634 explorator
1016 2553 1058 2612 si·

97 2656 270 2739 gnificabat.
292 2658 411 2720 Manat.

60 2763 97 2825 18
119 2763 233 2825 poema
254 2764 294 2824 ad
315 2765 489 2837 Caesarem,
509 2765 547 2827 da
568 2785 630 2848 quo
650 2766 681 2826 in
702 2785 749 2847 ep.
771 2783 836 2846 sup.
859 2764 886 2824 3.

23 2934 25 2939 Α
61 2893 99 2952 ¹9
122 2869 327 2952 Tragoediam
347 2891 394 2954 ep.
416 2870 528 2944 CLIV,
541 2894 568 2952 7.
589 2871 687 2944 Haec,
706 2881 737 2933 et
756 2881 854 2934 cetera
867 2879 993 2932 venuste
1012 2865 1061 2929 di·

98 2988 167 3048 cta‚
188 2987 257 3038 sunt
277 2998 294 3038 e
315 2978 501 3038 correctione
520 2976 658 3039 Victorii.

54 3105 95 3145 20
116 3085 192 3144 Ante
212 3082 287 3145 haec
307 3083 400 3145 verba
422 3082 569 3166 quaedam
590 3082 774 3145 intercidisse
795 3081 990 3144 manifestum
1004 3087 1060 3141 est.

96 3189 196 3252 Sensit
216 3193 276 3251 iam
297 3191 369 3251 olim
391 3192 554 3252 Manutius.
577 3189 697 3252 Scbiitz.

55 3319 90 3358 21
118 3297 219 3359 Villae
239 3299 369 3365 alicuius,
386 3300 493 3378 QuInti
513 3297 630 3372 fratris,
653 3298 777 3359 formasa
805 3299 837 3356 in
862 3294 1002 3385 Laterio,
1022 3290 1061 3352 de

97 3424 161 3485 quo
181 3405 213 3465 in
240 3426 287 3488 ep.
310 3404 408 3479 CLII,
432 3405 528 3482 13ibi
556 3417 586 3467 et
611 3404 649 3466 de
669 3406 790 3466 Arcano
818 3403 898 3463 illius
923 3397 1060 3483 praedio.

99 3509 236 3571 caesam
251 3524 396 3594 operaest,
416 3513 527 3575 scilicet
540 3511 762 3594 magnificentia
776 3510 911 3570 Caesaris
923 3506 1059 3588 dignum.

98 3617 186 3679 Conf.
211 3639 258 3701 ep.
284 3618 431 3693 CXLVI,
461 3641 485 3680 r.
510 3618 611 3693 Nilus,
636 3624 730 3702 'genus
756 3615 979 3700 aquaeductus,
1007 3611 1060 3692 qui

96 3745 211 3807 aquam
238 3727 269 3786 in
296 3728 428 3811 privatas
454 3726 577 3801 domos,
597 3727 645 3791 vel
670 3730 702 3790 in
727 3726 855 3811 piscinas
882 3714 1059 3783 deducebat.
