<?xml version="1.0" encoding="UTF-8"?>
<!DOCTYPE html PUBLIC "-//W3C//DTD XHTML 1.0 Transitional//EN"
    "http://www.w3.org/TR/xhtml1/DTD/xhtml1-transitional.dtd">
<html xmlns="http://www.w3.org/1999/xhtml" xml:lang="en" lang="en">
 <head>
  <title>
</title>
<meta http-equiv="Content-Type" content="text/html;charset=utf-8" />
  <meta name='ocr-system' content='tesseract 3.04.00' />
  <meta name='ocr-capabilities' content='ocr_page ocr_carea ocr_par ocr_line ocrx_word'/>
</head>
<body>
  <div class='ocr_page' id='page_1' title='image "./mtulliiciceroni57cicegoog/mtulliiciceroni57cicegoog_0079.png"; bbox 0 0 2632 4852; ppageno 0'>
   <div class='ocr_carea' id='block_1_1' title="bbox 156 345 1200 4064">
    <p class='ocr_par' dir='ltr' id='par_1_1' title="bbox 161 345 1200 2058">
     <span class='ocr_line' id='line_1_1' title="bbox 169 345 1135 439; baseline -0.004 -29"><span class='ocrx_word' id='word_1_1' title='bbox 169 362 215 439; x_wconf 82' lang='lat'>72</span> <span class='ocrx_word' id='word_1_2' title='bbox 501 355 670 408; x_wconf 78' lang='lat' dir='ltr'>mrsrou</span> <span class='ocrx_word' id='word_1_3' title='bbox 694 356 808 405; x_wconf 78' lang='lat' dir='ltr'>mvl.</span> <span class='ocrx_word' id='word_1_4' title='bbox 938 352 971 402; x_wconf 72' lang='lat' dir='ltr'>n</span> <span class='ocrx_word' id='word_1_5' title='bbox 988 354 1023 404; x_wconf 85' lang='lat' dir='ltr'>r.</span> <span class='ocrx_word' id='word_1_6' title='bbox 1040 356 1070 402; x_wconf 92' lang='lat' dir='ltr'>c.</span> <span class='ocrx_word' id='word_1_7' title='bbox 1085 345 1135 406; x_wconf 70' lang='grc' dir='ltr'>θοι</span> 
     </span>
     <span class='ocr_line' id='line_1_2' title="bbox 167 456 1158 558; baseline -0.005 -24"><span class='ocrx_word' id='word_1_8' title='bbox 167 464 284 534; x_wconf 70' lang='lat' dir='ltr'>risam.</span> <span class='ocrx_word' id='word_1_9' title='bbox 319 459 413 533; x_wconf 85' lang='lat' dir='ltr'>Tum</span> <span class='ocrx_word' id='word_1_10' title='bbox 447 460 478 531; x_wconf 87' lang='lat' dir='ltr'>is</span> <span class='ocrx_word' id='word_1_11' title='bbox 512 459 598 531; x_wconf 93' lang='lat' dir='ltr'>mihi</span> <span class='ocrx_word' id='word_1_12' title='bbox 632 456 836 558; x_wconf 84' lang='lat' dir='ltr'>respondit,</span> <span class='ocrx_word' id='word_1_13' title='bbox 871 481 909 528; x_wconf 88' lang='lat' dir='ltr'>se</span> <span class='ocrx_word' id='word_1_14' title='bbox 939 456 1058 555; x_wconf 88' lang='lat' dir='ltr'>ipsum</span> <span class='ocrx_word' id='word_1_15' title='bbox 1085 458 1158 529; x_wconf 83' lang='lat' dir='ltr'>eius</span> 
     </span>
     <span class='ocr_line' id='line_1_3' title="bbox 166 580 1158 686; baseline -0.006 -26"><span class='ocrx_word' id='word_1_16' title='bbox 166 588 283 686; x_wconf 81' lang='lat' dir='ltr'>operis</span> <span class='ocrx_word' id='word_1_17' title='bbox 314 585 390 658; x_wconf 67' lang='lat' dir='ltr'>ns</span> <span class='ocrx_word' id='word_1_18' title='bbox 419 609 481 658; x_wconf 70' lang='grc' dir='ltr'>ιιι</span> <span class='ocrx_word' id='word_1_19' title='bbox 507 583 541 649; x_wconf 74' lang='lat'>¹4</span> <span class='ocrx_word' id='word_1_20' title='bbox 575 583 828 658; x_wconf 80' lang='lat' dir='ltr'>conductorem</span> <span class='ocrx_word' id='word_1_21' title='bbox 857 580 989 680; x_wconf 71' lang='lat' dir='ltr'>fnisse,</span> <span class='ocrx_word' id='word_1_22' title='bbox 1024 581 1088 655; x_wconf 86' lang='lat' dir='ltr'>sed</span> <span class='ocrx_word' id='word_1_23' title='bbox 1122 595 1158 654; x_wconf 90' lang='lat' dir='ltr'>te</span> 
     </span>
     <span class='ocr_line' id='line_1_4' title="bbox 164 706 1158 813; baseline -0.008 -28"><span class='ocrx_word' id='word_1_24' title='bbox 164 725 290 813; x_wconf 82' lang='lat' dir='ltr'>postea</span> <span class='ocrx_word' id='word_1_25' title='bbox 313 709 423 783; x_wconf 87' lang='lat' dir='ltr'>multa</span> <span class='ocrx_word' id='word_1_26' title='bbox 447 708 622 782; x_wconf 84' lang='lat' dir='ltr'><strong>addidisse</strong></span> <span class='ocrx_word' id='word_1_27' title='bbox 644 708 691 781; x_wconf 91' lang='lat' dir='ltr'>ad</span> <span class='ocrx_word' id='word_1_28' title='bbox 706 732 810 809; x_wconf 92' lang='lat' dir='ltr'>opus,</span> <span class='ocrx_word' id='word_1_29' title='bbox 826 706 913 780; x_wconf 89' lang='lat' dir='ltr'>nihil</span> <span class='ocrx_word' id='word_1_30' title='bbox 929 706 976 781; x_wconf 91' lang='lat' dir='ltr'>ad</span> <span class='ocrx_word' id='word_1_31' title='bbox 992 708 1158 806; x_wconf 76' lang='lat' dir='ltr'>pretinm,</span> 
     </span>
     <span class='ocr_line' id='line_1_5' title="bbox 164 830 1174 938; baseline -0.004 -30"><span class='ocrx_word' id='word_1_32' title='bbox 164 836 284 938; x_wconf 87' lang='lat' dir='ltr'>itaque</span> <span class='ocrx_word' id='word_1_33' title='bbox 306 835 345 910; x_wconf 91' lang='lat' dir='ltr'>id</span> <span class='ocrx_word' id='word_1_34' title='bbox 369 860 407 908; x_wconf 90' lang='lat' dir='ltr'>se</span> <span class='ocrx_word' id='word_1_35' title='bbox 430 836 595 909; x_wconf 89' lang='lat' dir='ltr'>omisisse.</span> <span class='ocrx_word' id='word_1_36' title='bbox 620 834 710 907; x_wconf 81' lang='lat' dir='ltr'>Mihi</span> <span class='ocrx_word' id='word_1_37' title='bbox 732 832 874 907; x_wconf 84' lang='lat' dir='ltr'>hercule</span> <span class='ocrx_word' id='word_1_38' title='bbox 897 830 1001 907; x_wconf 84' lang='lat' dir='ltr'>valde</span> <span class='ocrx_word' id='word_1_39' title='bbox 1024 831 1174 933; x_wconf 74' lang='lat' dir='ltr'>placet,</span> 
     </span>
     <span class='ocr_line' id='line_1_6' title="bbox 164 957 1157 1060; baseline -0.004 -27"><span class='ocrx_word' id='word_1_40' title='bbox 164 973 201 1033; x_wconf 86' lang='lat' dir='ltr'>te</span> <span class='ocrx_word' id='word_1_41' title='bbox 225 960 302 1060; x_wconf 86' lang='lat' dir='ltr'>illa,</span> <span class='ocrx_word' id='word_1_42' title='bbox 325 973 366 1032; x_wconf 93' lang='lat' dir='ltr'>ut</span> <span class='ocrx_word' id='word_1_43' title='bbox 389 957 624 1034; x_wconf 76' lang='lat' dir='ltr'>constituebas</span> <span class='ocrx_word' id='word_1_44' title='bbox 641 961 683 1057; x_wconf 83' lang='lat'>²⁵,</span> <span class='ocrx_word' id='word_1_45' title='bbox 707 957 852 1032; x_wconf 86' lang='lat' dir='ltr'>addere:</span> <span class='ocrx_word' id='word_1_46' title='bbox 880 983 1094 1058; x_wconf 88' lang='lat' dir='ltr'>quamquam</span> <span class='ocrx_word' id='word_1_47' title='bbox 1117 983 1157 1030; x_wconf 91' lang='lat' dir='ltr'>ea</span> 
     </span>
     <span class='ocr_line' id='line_1_7' title="bbox 164 1082 1157 1187; baseline -0.007 -25"><span class='ocrx_word' id='word_1_48' title='bbox 164 1085 266 1186; x_wconf 86' lang='lat' dir='ltr'>villa,</span> <span class='ocrx_word' id='word_1_49' title='bbox 290 1112 380 1187; x_wconf 91' lang='lat' dir='ltr'>quae</span> <span class='ocrx_word' id='word_1_50' title='bbox 403 1111 498 1158; x_wconf 91' lang='lat' dir='ltr'>nunc</span> <span class='ocrx_word' id='word_1_51' title='bbox 522 1098 592 1185; x_wconf 89' lang='lat' dir='ltr'>est,</span> <span class='ocrx_word' id='word_1_52' title='bbox 615 1099 796 1185; x_wconf 82' lang='lat' dir='ltr'>tamquam</span> <span class='ocrx_word' id='word_1_53' title='bbox 819 1082 1030 1185; x_wconf 89' lang='lat' dir='ltr'>philosopha</span> <span class='ocrx_word' id='word_1_54' title='bbox 1047 1085 1081 1133; x_wconf 76' lang='lat'>²⁶</span> <span class='ocrx_word' id='word_1_55' title='bbox 1105 1083 1157 1156; x_wconf 88' lang='lat' dir='ltr'>vi·</span> 
     </span>
     <span class='ocr_line' id='line_1_8' title="bbox 164 1193 1200 1311; baseline -0.003 -28"><span class='ocrx_word' id='word_1_56' title='bbox 164 1210 268 1283; x_wconf 90' lang='lat' dir='ltr'>detur</span> <span class='ocrx_word' id='word_1_57' title='bbox 291 1235 383 1308; x_wconf 87' lang='lat' dir='ltr'>esse,</span> <span class='ocrx_word' id='word_1_58' title='bbox 407 1235 495 1311; x_wconf 85' lang='lat' dir='ltr'>quae</span> <span class='ocrx_word' id='word_1_59' title='bbox 520 1210 680 1308; x_wconf 84' lang='lat' dir='ltr'>obiurget</span> <span class='ocrx_word' id='word_1_60' title='bbox 704 1223 897 1282; x_wconf 82' lang='lat' dir='ltr'>ceterarum</span> <span class='ocrx_word' id='word_1_61' title='bbox 920 1207 1084 1282; x_wconf 83' lang='lat' dir='ltr'>villarum</span> <span class='ocrx_word' id='word_1_62' title='bbox 1106 1208 1155 1280; x_wconf 90' lang='lat' dir='ltr'>in·</span> <span class='ocrx_word' id='word_1_63' title='bbox 1196 1193 1200 1199; x_wconf 38' lang='lat'>⁵</span> 
     </span>
     <span class='ocr_line' id='line_1_9' title="bbox 164 1330 1155 1410; baseline -0.004 0"><span class='ocrx_word' id='word_1_64' title='bbox 164 1337 307 1410; x_wconf 77' lang='lat' dir='ltr'>taniam</span> <span class='ocrx_word' id='word_1_65' title='bbox 323 1335 575 1409; x_wconf 80' lang='lat' dir='ltr'>Verumtamen</span> <span class='ocrx_word' id='word_1_66' title='bbox 591 1333 678 1407; x_wconf 92' lang='lat' dir='ltr'>illud</span> <span class='ocrx_word' id='word_1_67' title='bbox 694 1333 854 1408; x_wconf 87' lang='lat' dir='ltr'>additum</span> <span class='ocrx_word' id='word_1_68' title='bbox 869 1330 1069 1405; x_wconf 72' lang='lat' dir='ltr'>delectabit</span> <span class='ocrx_word' id='word_1_69' title='bbox 1085 1333 1155 1406; x_wconf 87' lang='grc' dir='ltr'>Το-</span> 
     </span>
     <span class='ocr_line' id='line_1_10' title="bbox 162 1446 1155 1561; baseline -0.003 -29"><span class='ocrx_word' id='word_1_70' title='bbox 162 1461 313 1561; x_wconf 87' lang='lat' dir='ltr'>piarinm</span> <span class='ocrx_word' id='word_1_71' title='bbox 326 1476 358 1526; x_wconf 83' lang='lat'>²⁷</span> <span class='ocrx_word' id='word_1_72' title='bbox 382 1459 536 1559; x_wconf 78' lang='lat' dir='ltr'>laudavi,</span> <span class='ocrx_word' id='word_1_73' title='bbox 559 1461 607 1532; x_wconf 91' lang='lat' dir='ltr'>ita</span> <span class='ocrx_word' id='word_1_74' title='bbox 633 1460 751 1533; x_wconf 92' lang='lat' dir='ltr'>omnia</span> <span class='ocrx_word' id='word_1_75' title='bbox 776 1446 986 1533; x_wconf 78' lang='lat' dir='ltr'>cdnvestivit</span> <span class='ocrx_word' id='word_1_76' title='bbox 1009 1456 1155 1554; x_wconf 82' lang='lat' dir='ltr'>hedera,</span> 
     </span>
     <span class='ocr_line' id='line_1_11' title="bbox 163 1581 1154 1687; baseline -0.003 -30"><span class='ocrx_word' id='word_1_77' title='bbox 163 1610 232 1686; x_wconf 91' lang='lat' dir='ltr'>qua</span> <span class='ocrx_word' id='word_1_78' title='bbox 255 1583 369 1658; x_wconf 90' lang='lat' dir='ltr'>basim</span> <span class='ocrx_word' id='word_1_79' title='bbox 384 1584 503 1685; x_wconf 85' lang='lat' dir='ltr'>villae,</span> <span class='ocrx_word' id='word_1_80' title='bbox 519 1612 587 1687; x_wconf 89' lang='lat' dir='ltr'>qua</span> <span class='ocrx_word' id='word_1_81' title='bbox 609 1584 875 1658; x_wconf 87' lang='lat' dir='ltr'>intercolumnia</span> <span class='ocrx_word' id='word_1_82' title='bbox 892 1581 1154 1679; x_wconf 79' lang='lat' dir='ltr'>ambulationis3</span> 
     </span>
     <span class='ocr_line' id='line_1_12' title="bbox 161 1707 1154 1811; baseline -0.002 -29"><span class='ocrx_word' id='word_1_83' title='bbox 161 1723 203 1782; x_wconf 90' lang='lat' dir='ltr'>ut</span> <span class='ocrx_word' id='word_1_84' title='bbox 227 1709 377 1811; x_wconf 89' lang='lat' dir='ltr'>denique</span> <span class='ocrx_word' id='word_1_85' title='bbox 401 1709 451 1782; x_wconf 89' lang='lat' dir='ltr'>illi</span> <span class='ocrx_word' id='word_1_86' title='bbox 475 1709 607 1811; x_wconf 88' lang='lat' dir='ltr'>palliati</span> <span class='ocrx_word' id='word_1_87' title='bbox 620 1712 652 1763; x_wconf 79' lang='lat'>²⁸</span> <span class='ocrx_word' id='word_1_88' title='bbox 669 1711 855 1810; x_wconf 86' lang='lat' dir='ltr'>topiariam</span> <span class='ocrx_word' id='word_1_89' title='bbox 879 1709 991 1782; x_wconf 83' lang='lat' dir='ltr'>lacere</span> <span class='ocrx_word' id='word_1_90' title='bbox 1015 1707 1154 1782; x_wconf 89' lang='lat' dir='ltr'>videan-</span> 
     </span>
     <span class='ocr_line' id='line_1_13' title="bbox 162 1833 1153 1934; baseline -0.002 -26"><span class='ocrx_word' id='word_1_91' title='bbox 162 1847 230 1934; x_wconf 91' lang='lat' dir='ltr'>tur,</span> <span class='ocrx_word' id='word_1_92' title='bbox 255 1849 292 1907; x_wconf 91' lang='lat' dir='ltr'>et</span> <span class='ocrx_word' id='word_1_93' title='bbox 314 1835 481 1908; x_wconf 90' lang='lat' dir='ltr'>hederam</span> <span class='ocrx_word' id='word_1_94' title='bbox 504 1836 665 1910; x_wconf 89' lang='lat' dir='ltr'>vendere.</span> <span class='ocrx_word' id='word_1_95' title='bbox 689 1837 765 1909; x_wconf 92' lang='lat' dir='ltr'>Iam</span> <span class='ocrx_word' id='word_1_96' title='bbox 788 1837 978 1931; x_wconf 71' lang='grc' dir='ltr'><em>ἀποδυτηρίῳ</em></span> <span class='ocrx_word' id='word_1_97' title='bbox 1002 1833 1092 1907; x_wconf 93' lang='lat' dir='ltr'>nihil</span> <span class='ocrx_word' id='word_1_98' title='bbox 1111 1834 1153 1906; x_wconf 89' lang='lat' dir='ltr'>al-</span> 
     </span>
     <span class='ocr_line' id='line_1_14' title="bbox 161 1959 590 2058; baseline 0 -27"><span class='ocrx_word' id='word_1_99' title='bbox 161 1959 254 2058; x_wconf 90' lang='lat' dir='ltr'>sius,</span> <span class='ocrx_word' id='word_1_100' title='bbox 277 1959 365 2032; x_wconf 88' lang='lat' dir='ltr'>nihil</span> <span class='ocrx_word' id='word_1_101' title='bbox 388 1963 590 2035; x_wconf 86' lang='lat' dir='ltr'>muscosius.</span> 
     </span>
    </p>

    <p class='ocr_par' dir='ltr' id='par_1_2' title="bbox 156 2084 1154 4064">
     <span class='ocr_line' id='line_1_15' title="bbox 213 2084 1153 2187; baseline 0.001 -29"><span class='ocrx_word' id='word_1_102' title='bbox 213 2112 235 2158; x_wconf 83' lang='lat' dir='ltr'>a</span> <span class='ocrx_word' id='word_1_103' title='bbox 260 2084 378 2158; x_wconf 87' lang='lat' dir='ltr'>Habes</span> <span class='ocrx_word' id='word_1_104' title='bbox 403 2084 476 2158; x_wconf 84' lang='lat' dir='ltr'>lere</span> <span class='ocrx_word' id='word_1_105' title='bbox 498 2086 543 2159; x_wconf 92' lang='lat' dir='ltr'>de</span> <span class='ocrx_word' id='word_1_106' title='bbox 567 2085 671 2159; x_wconf 89' lang='lat' dir='ltr'>rebus</span> <span class='ocrx_word' id='word_1_107' title='bbox 691 2087 835 2159; x_wconf 82' lang='lat' dir='ltr'>rusticis.</span> <span class='ocrx_word' id='word_1_108' title='bbox 852 2084 1035 2159; x_wconf 88' lang='lat' dir='ltr'>Vrbanam</span> <span class='ocrx_word' id='word_1_109' title='bbox 1052 2109 1153 2187; x_wconf 86' lang='lat' dir='ltr'>expo-</span> 
     </span>
     <span class='ocr_line' id='line_1_16' title="bbox 160 2207 1152 2311; baseline 0 -31"><span class='ocrx_word' id='word_1_110' title='bbox 160 2207 320 2282; x_wconf 86' lang='lat' dir='ltr'>litionem</span> <span class='ocrx_word' id='word_1_111' title='bbox 354 2223 454 2307; x_wconf 85' lang='lat' dir='ltr'>urget</span> <span class='ocrx_word' id='word_1_112' title='bbox 483 2209 542 2282; x_wconf 91' lang='lat' dir='ltr'>ille</span> <span class='ocrx_word' id='word_1_113' title='bbox 575 2211 715 2311; x_wconf 88' lang='lat' dir='ltr'>quidem</span> <span class='ocrx_word' id='word_1_114' title='bbox 731 2227 774 2310; x_wconf 85' lang='lat'>²9,</span> <span class='ocrx_word' id='word_1_115' title='bbox 798 2225 835 2284; x_wconf 91' lang='lat' dir='ltr'>et</span> <span class='ocrx_word' id='word_1_116' title='bbox 857 2210 1091 2309; x_wconf 81' lang='lat' dir='ltr'>Philotimus,</span> <span class='ocrx_word' id='word_1_117' title='bbox 1119 2223 1152 2281; x_wconf 91' lang='lat' dir='ltr'>et</span> 
     </span>
     <span class='ocr_line' id='line_1_17' title="bbox 161 2333 1153 2436; baseline 0.002 -32"><span class='ocrx_word' id='word_1_118' title='bbox 161 2334 326 2424; x_wconf 87' lang='lat' dir='ltr'>Cincius;</span> <span class='ocrx_word' id='word_1_119' title='bbox 357 2333 420 2406; x_wconf 94' lang='lat' dir='ltr'>sed</span> <span class='ocrx_word' id='word_1_120' title='bbox 450 2336 556 2407; x_wconf 83' lang='lat' dir='ltr'>etiam</span> <span class='ocrx_word' id='word_1_121' title='bbox 588 2337 665 2435; x_wconf 91' lang='lat' dir='ltr'>ipsc</span> <span class='ocrx_word' id='word_1_122' title='bbox 698 2336 820 2409; x_wconf 87' lang='lat' dir='ltr'>crebro</span> <span class='ocrx_word' id='word_1_123' title='bbox 845 2337 1030 2435; x_wconf 86' lang='lat' dir='ltr'>interriso,</span> <span class='ocrx_word' id='word_1_124' title='bbox 1060 2333 1153 2436; x_wconf 92' lang='lat' dir='ltr'>quod</span> 
     </span>
     <span class='ocr_line' id='line_1_18' title="bbox 161 2456 1153 2551; baseline 0.007 -24"><span class='ocrx_word' id='word_1_125' title='bbox 161 2469 215 2528; x_wconf 89' lang='lat' dir='ltr'>est</span> <span class='ocrx_word' id='word_1_126' title='bbox 240 2456 340 2530; x_wconf 81' lang='lat' dir='ltr'>facile</span> <span class='ocrx_word' id='word_1_127' title='bbox 363 2459 466 2531; x_wconf 86' lang='lat' dir='ltr'>lactu.</span> <span class='ocrx_word' id='word_1_128' title='bbox 491 2459 730 2551; x_wconf 86' lang='lat' dir='ltr'>Quamobrem</span> <span class='ocrx_word' id='word_1_129' title='bbox 755 2489 797 2535; x_wconf 90' lang='lat' dir='ltr'>ea</span> <span class='ocrx_word' id='word_1_130' title='bbox 817 2475 853 2535; x_wconf 93' lang='lat' dir='ltr'>te</span> <span class='ocrx_word' id='word_1_131' title='bbox 870 2489 952 2536; x_wconf 90' lang='lat' dir='ltr'>cura</span> <span class='ocrx_word' id='word_1_132' title='bbox 968 2462 1153 2535; x_wconf 91' lang='lat' dir='ltr'>liberatum</span> 
     </span>
     <span class='ocr_line' id='line_1_19' title="bbox 160 2580 1154 2688; baseline 0.006 -35"><span class='ocrx_word' id='word_1_133' title='bbox 160 2580 252 2653; x_wconf 88' lang='lat' dir='ltr'>volo.</span> <span class='ocrx_word' id='word_1_134' title='bbox 276 2583 331 2655; x_wconf 89' lang='lat' dir='ltr'>Dc</span> <span class='ocrx_word' id='word_1_135' title='bbox 356 2584 525 2658; x_wconf 88' lang='lat' dir='ltr'>Cicerone</span> <span class='ocrx_word' id='word_1_136' title='bbox 550 2587 647 2688; x_wconf 90' lang='lat' dir='ltr'>quod</span> <span class='ocrx_word' id='word_1_137' title='bbox 670 2614 727 2660; x_wconf 91' lang='lat' dir='ltr'>me</span> <span class='ocrx_word' id='word_1_138' title='bbox 752 2614 890 2688; x_wconf 91' lang='lat' dir='ltr'>semper</span> <span class='ocrx_word' id='word_1_139' title='bbox 914 2613 1036 2688; x_wconf 85' lang='lat' dir='ltr'>rogas,</span> <span class='ocrx_word' id='word_1_140' title='bbox 1060 2590 1154 2688; x_wconf 84' lang='lat' dir='ltr'>igno-</span> 
     </span>
     <span class='ocr_line' id='line_1_20' title="bbox 160 2706 1153 2814; baseline 0.012 -38"><span class='ocrx_word' id='word_1_141' title='bbox 160 2730 221 2777; x_wconf 88' lang='lat' dir='ltr'>sco</span> <span class='ocrx_word' id='word_1_142' title='bbox 247 2706 409 2806; x_wconf 89' lang='lat' dir='ltr'>equidem</span> <span class='ocrx_word' id='word_1_143' title='bbox 433 2708 515 2809; x_wconf 89' lang='lat' dir='ltr'>tibi,</span> <span class='ocrx_word' id='word_1_144' title='bbox 540 2712 603 2784; x_wconf 87' lang='lat' dir='ltr'>sed</span> <span class='ocrx_word' id='word_1_145' title='bbox 623 2727 662 2785; x_wconf 90' lang='lat' dir='ltr'>tu</span> <span class='ocrx_word' id='word_1_146' title='bbox 680 2739 818 2814; x_wconf 89' lang='lat' dir='ltr'>quoque</span> <span class='ocrx_word' id='word_1_147' title='bbox 834 2713 919 2786; x_wconf 91' lang='lat' dir='ltr'>mihi</span> <span class='ocrx_word' id='word_1_148' title='bbox 936 2713 1044 2786; x_wconf 89' lang='lat' dir='ltr'>velim</span> <span class='ocrx_word' id='word_1_149' title='bbox 1061 2716 1153 2812; x_wconf 80' lang='lat' dir='ltr'>igno</span> 
     </span>
     <span class='ocr_line' id='line_1_21' title="bbox 160 2831 1153 2938; baseline 0.011 -37"><span class='ocrx_word' id='word_1_150' title='bbox 160 2855 245 2911; x_wconf 90' lang='lat' dir='ltr'>scas.</span> <span class='ocrx_word' id='word_1_151' title='bbox 270 2831 352 2904; x_wconf 91' lang='lat' dir='ltr'>Non</span> <span class='ocrx_word' id='word_1_152' title='bbox 377 2834 470 2907; x_wconf 92' lang='lat' dir='ltr'>enim</span> <span class='ocrx_word' id='word_1_153' title='bbox 495 2836 652 2910; x_wconf 91' lang='lat' dir='ltr'>concedo</span> <span class='ocrx_word' id='word_1_154' title='bbox 678 2838 858 2938; x_wconf 90' lang='lat' dir='ltr'>tibi,plus</span> <span class='ocrx_word' id='word_1_155' title='bbox 874 2838 1029 2911; x_wconf 91' lang='lat' dir='ltr'>utillum</span> <span class='ocrx_word' id='word_1_156' title='bbox 1047 2843 1153 2937; x_wconf 83' lang='lat' dir='ltr'>ames,</span> 
     </span>
     <span class='ocr_line' id='line_1_22' title="bbox 159 2957 1152 3063; baseline 0.013 -37"><span class='ocrx_word' id='word_1_157' title='bbox 159 2982 265 3055; x_wconf 91' lang='lat' dir='ltr'>quam</span> <span class='ocrx_word' id='word_1_158' title='bbox 288 2957 364 3056; x_wconf 92' lang='lat' dir='ltr'>ipse</span> <span class='ocrx_word' id='word_1_159' title='bbox 389 2985 478 3032; x_wconf 90' lang='lat' dir='ltr'>amo.</span> <span class='ocrx_word' id='word_1_160' title='bbox 504 2962 619 3063; x_wconf 85' lang='lat' dir='ltr'>Atque</span> <span class='ocrx_word' id='word_1_161' title='bbox 643 2965 778 3036; x_wconf 89' lang='lat' dir='ltr'>utinam</span> <span class='ocrx_word' id='word_1_162' title='bbox 803 2963 856 3035; x_wconf 91' lang='lat' dir='ltr'>his</span> <span class='ocrx_word' id='word_1_163' title='bbox 882 2963 1005 3036; x_wconf 86' lang='lat' dir='ltr'>diebus</span> <span class='ocrx_word' id='word_1_164' title='bbox 1030 2966 1070 3037; x_wconf 91' lang='lat' dir='ltr'>in</span> <span class='ocrx_word' id='word_1_165' title='bbox 1092 2967 1152 3038; x_wconf 84' lang='lat' dir='ltr'>dr-</span> 
     </span>
     <span class='ocr_line' id='line_1_23' title="bbox 158 3081 1151 3188; baseline 0.01 -37"><span class='ocrx_word' id='word_1_166' title='bbox 158 3081 269 3179; x_wconf 92' lang='lat' dir='ltr'>pinati</span> <span class='ocrx_word' id='word_1_167' title='bbox 287 3084 328 3181; x_wconf 84' lang='lat'>³⁰,</span> <span class='ocrx_word' id='word_1_168' title='bbox 353 3084 449 3183; x_wconf 90' lang='lat' dir='ltr'>quod</span> <span class='ocrx_word' id='word_1_169' title='bbox 473 3100 509 3156; x_wconf 89' lang='lat' dir='ltr'>et</span> <span class='ocrx_word' id='word_1_170' title='bbox 533 3085 608 3186; x_wconf 92' lang='lat' dir='ltr'>ipse</span> <span class='ocrx_word' id='word_1_171' title='bbox 634 3089 806 3188; x_wconf 83' lang='lat' dir='ltr'>cupierat,</span> <span class='ocrx_word' id='word_1_172' title='bbox 837 3102 874 3161; x_wconf 89' lang='lat' dir='ltr'>et</span> <span class='ocrx_word' id='word_1_173' title='bbox 898 3115 963 3187; x_wconf 83' lang='lat' dir='ltr'>ego</span> <span class='ocrx_word' id='word_1_174' title='bbox 988 3115 1064 3163; x_wconf 93' lang='lat' dir='ltr'>non</span> <span class='ocrx_word' id='word_1_175' title='bbox 1087 3091 1151 3161; x_wconf 92' lang='lat' dir='ltr'>mi-</span> 
     </span>
     <span class='ocr_line' id='line_1_24' title="bbox 157 3209 1152 3313; baseline 0.012 -38"><span class='ocrx_word' id='word_1_176' title='bbox 157 3229 242 3303; x_wconf 92' lang='lat' dir='ltr'>nus,</span> <span class='ocrx_word' id='word_1_177' title='bbox 265 3231 404 3280; x_wconf 90' lang='lat' dir='ltr'>mecum</span> <span class='ocrx_word' id='word_1_178' title='bbox 428 3209 556 3283; x_wconf 75' lang='lat' dir='ltr'>luisset.</span> <span class='ocrx_word' id='word_1_179' title='bbox 593 3212 701 3302; x_wconf 91' lang='lat' dir='ltr'>Quod</span> <span class='ocrx_word' id='word_1_180' title='bbox 726 3213 773 3286; x_wconf 93' lang='lat' dir='ltr'>ad</span> <span class='ocrx_word' id='word_1_181' title='bbox 796 3215 1033 3313; x_wconf 87' lang='lat' dir='ltr'>Pomponiam</span> <span class='ocrx_word' id='word_1_182' title='bbox 1051 3217 1093 3312; x_wconf 80' lang='lat'>³¹,</span> <span class='ocrx_word' id='word_1_183' title='bbox 1124 3216 1152 3287; x_wconf 93' lang='lat' dir='ltr'>si</span> 
     </span>
     <span class='ocr_line' id='line_1_25' title="bbox 157 3328 1151 3440; baseline 0.014 -41"><span class='ocrx_word' id='word_1_184' title='bbox 157 3328 222 3401; x_wconf 91' lang='lat' dir='ltr'>tibi</span> <span class='ocrx_word' id='word_1_185' title='bbox 246 3331 401 3432; x_wconf 88' lang='lat' dir='ltr'>videtur,</span> <span class='ocrx_word' id='word_1_186' title='bbox 433 3335 563 3408; x_wconf 88' lang='lat' dir='ltr'>scribas</span> <span class='ocrx_word' id='word_1_187' title='bbox 592 3337 719 3436; x_wconf 89' lang='lat' dir='ltr'>velim,</span> <span class='ocrx_word' id='word_1_188' title='bbox 752 3365 860 3440; x_wconf 90' lang='lat' dir='ltr'>quum</span> <span class='ocrx_word' id='word_1_189' title='bbox 897 3339 1015 3440; x_wconf 88' lang='lat' dir='ltr'>aliquo</span> <span class='ocrx_word' id='word_1_190' title='bbox 1046 3340 1151 3413; x_wconf 86' lang='lat' dir='ltr'>exibi-</span> 
     </span>
     <span class='ocr_line' id='line_1_26' title="bbox 156 3458 1150 3568; baseline 0.012 -44"><span class='ocrx_word' id='word_1_191' title='bbox 156 3477 255 3554; x_wconf 89' lang='lat' dir='ltr'>mus,</span> <span class='ocrx_word' id='word_1_192' title='bbox 280 3471 337 3529; x_wconf 90' lang='lat' dir='ltr'>eat</span> <span class='ocrx_word' id='word_1_193' title='bbox 360 3458 561 3559; x_wconf 89' lang='lat' dir='ltr'>nobiscum,</span> <span class='ocrx_word' id='word_1_194' title='bbox 585 3488 801 3566; x_wconf 88' lang='lat' dir='ltr'>puerumque</span> <span class='ocrx_word' id='word_1_195' title='bbox 826 3463 941 3537; x_wconf 86' lang='lat' dir='ltr'>ducat.</span> <span class='ocrx_word' id='word_1_196' title='bbox 972 3465 1150 3568; x_wconf 78' lang='lat' dir='ltr'>Clamqres</span> 
     </span>
     <span class='ocr_line' id='line_1_27' title="bbox 157 3577 1150 3679; baseline 0.014 -32"><span class='ocrx_word' id='word_1_197' title='bbox 157 3577 320 3679; x_wconf 89' lang='lat' dir='ltr'>efficiam,</span> <span class='ocrx_word' id='word_1_198' title='bbox 345 3583 374 3658; x_wconf 87' lang='lat' dir='ltr'>si</span> <span class='ocrx_word' id='word_1_199' title='bbox 399 3608 479 3654; x_wconf 92' lang='lat' dir='ltr'>eum</span> <span class='ocrx_word' id='word_1_200' title='bbox 503 3611 641 3659; x_wconf 90' lang='lat' dir='ltr'>mecum</span> <span class='ocrx_word' id='word_1_201' title='bbox 666 3587 821 3662; x_wconf 87' lang='lat' dir='ltr'>habuero</span> <span class='ocrx_word' id='word_1_202' title='bbox 847 3591 980 3663; x_wconf 85' lang='lat' dir='ltr'>otiosus</span> <span class='ocrx_word' id='word_1_203' title='bbox 993 3593 1035 3662; x_wconf 83' lang='lat'>³².</span> <span class='ocrx_word' id='word_1_204' title='bbox 1062 3592 1150 3664; x_wconf 90' lang='lat' dir='ltr'>Nam</span> 
     </span>
     <span class='ocr_line' id='line_1_28' title="bbox 156 3699 1148 3806; baseline 0.014 -34"><span class='ocrx_word' id='word_1_205' title='bbox 156 3699 288 3776; x_wconf 90' lang='lat' dir='ltr'>Romae</span> <span class='ocrx_word' id='word_1_206' title='bbox 313 3707 505 3806; x_wconf 89' lang='lat' dir='ltr'>respirandi</span> <span class='ocrx_word' id='word_1_207' title='bbox 530 3736 602 3782; x_wconf 91' lang='lat' dir='ltr'>non</span> <span class='ocrx_word' id='word_1_208' title='bbox 627 3727 680 3784; x_wconf 89' lang='lat' dir='ltr'>est</span> <span class='ocrx_word' id='word_1_209' title='bbox 704 3713 810 3786; x_wconf 92' lang='lat' dir='ltr'>locus.</span> <span class='ocrx_word' id='word_1_210' title='bbox 841 3714 884 3786; x_wconf 92' lang='lat' dir='ltr'>Id</span> <span class='ocrx_word' id='word_1_211' title='bbox 913 3740 971 3786; x_wconf 92' lang='lat' dir='ltr'>me</span> <span class='ocrx_word' id='word_1_212' title='bbox 996 3717 1065 3788; x_wconf 89' lang='lat' dir='ltr'>scis</span> <span class='ocrx_word' id='word_1_213' title='bbox 1090 3741 1148 3787; x_wconf 91' lang='lat' dir='ltr'>an-</span> 
     </span>
     <span class='ocr_line' id='line_1_29' title="bbox 156 3831 1147 3941; baseline 0.013 -44"><span class='ocrx_word' id='word_1_214' title='bbox 156 3835 212 3896; x_wconf 78' lang='lat' dir='ltr'>tea</span> <span class='ocrx_word' id='word_1_215' title='bbox 240 3832 344 3925; x_wconf 85' lang='lat' dir='ltr'>gratis</span> <span class='ocrx_word' id='word_1_216' title='bbox 369 3831 433 3903; x_wconf 83' lang='lat' dir='ltr'>u‘hi</span> <span class='ocrx_word' id='word_1_217' title='bbox 458 3859 531 3907; x_wconf 92' lang='lat' dir='ltr'>esse</span> <span class='ocrx_word' id='word_1_218' title='bbox 556 3836 760 3935; x_wconf 90' lang='lat' dir='ltr'>pollicitum.</span> <span class='ocrx_word' id='word_1_219' title='bbox 797 3839 893 3930; x_wconf 90' lang='lat' dir='ltr'>Quid</span> <span class='ocrx_word' id='word_1_220' title='bbox 924 3866 1020 3929; x_wconf 85' lang='lat' dir='ltr'>nunc</span> <span class='ocrx_word' id='word_1_221' title='bbox 1048 3854 1147 3941; x_wconf 90' lang='lat' dir='ltr'>putas</span> 
     </span>
     <span class='ocr_line' id='line_1_30' title="bbox 158 3952 1072 4064; baseline 0.014 -44"><span class='ocrx_word' id='word_1_222' title='bbox 158 3961 255 4025; x_wconf 85' lang='lat' dir='ltr'>tanta</span> <span class='ocrx_word' id='word_1_223' title='bbox 281 3952 342 4028; x_wconf 85' lang='lat' dir='ltr'>ahs</span> <span class='ocrx_word' id='word_1_224' title='bbox 367 3970 402 4027; x_wconf 90' lang='lat' dir='ltr'>te</span> <span class='ocrx_word' id='word_1_225' title='bbox 427 3957 513 4031; x_wconf 90' lang='lat' dir='ltr'>mihi</span> <span class='ocrx_word' id='word_1_226' title='bbox 530 3962 561 4010; x_wconf 76' lang='lat'>³³</span> <span class='ocrx_word' id='word_1_227' title='bbox 586 3963 745 4036; x_wconf 89' lang='lat' dir='ltr'>mercede</span> <span class='ocrx_word' id='word_1_228' title='bbox 769 3964 974 4064; x_wconf 83' lang='lat' dir='ltr'>proposital</span> <span class='ocrx_word' id='word_1_229' title='bbox 1068 4026 1072 4033; x_wconf 91' lang='lat'><em>.</em></span> 
     </span>
    </p>
   </div>
   <div class='ocr_carea' id='block_1_2' title="bbox 0 0 1320 4852">
    <p class='ocr_par' dir='ltr' id='par_1_3' title="bbox 0 0 1320 4852">
     <span class='ocr_line' id='line_1_31' title="bbox 0 0 1320 4852; baseline 0 3"><span class='ocrx_word' id='word_1_230' title='bbox 0 0 1320 4852; x_wconf 95' lang='lat' dir='ltr'> </span> 
     </span>
    </p>
   </div>
  </div>
 </body>
</html>
