2632 4852
432 345 470 394 rn
494 340 685 393 nrtsronts
984 325 1058 404 335

58 467 95 508 ιο
114 444 218 506 Verba
238 455 436 528 opponuntur
455 444 562 523 rebus;
581 466 635 506 eae
655 456 725 506 sunt
745 449 776 505 in
797 447 976 525 nominibus,
990 471 1060 534 per-

93 551 312 635 scriptionibus,
332 551 439 614 monis
457 553 623 616 multorum.
643 553 809 616 Ernestius.
835 554 965 618 Nomina
983 579 1061 642 pro·

85 662 160 744 prie
178 657 323 722 dicuntur
342 659 380 722 de
411 658 587 723 huiusmodi
618 660 744 736 debitis,
780 683 859 746 quae
879 665 943 726 sine
962 668 1063 728 usuris
1093 658 1096 663 ’

94 765 325 829 contrahunnu.
344 765 571 850 Perscnptioner
591 779 680 841 sunt,
707 779 742 830 ut
766 789 849 830 nunc
869 770 1062 852 loquuntur,

94 875 310 955 assignationes
339 874 379 935 ad
411 875 612 958 trapezitam,
646 895 699 936 seu
733 896 890 952 mansam,
927 876 1061 939 Tabulae

95 990 218 1052 autem,
248 978 308 1042 hoc
338 982 370 1041 in
395 981 484 1055 loco,
514 981 584 1044 libri
606 984 759 1043 rationum
782 983 893 1062 (Rosc.
915 982 1000 1044 Com.
1026 988 1060 1066 ι)

95 1089 127 1147 in
148 1085 259 1169 quibus
285 1089 446 1170 pecuniam
477 1099 615 1149 mutuam
649 1091 713 1150 sine
732 1089 836 1150 fenore
856 1089 980 1163 datam,
1011 1091 1062 1153 vel
1186 1096 1188 1101 ’
1234 1122 1240 1134 ·

95 1205 250 1277 acceptam
281 1193 460 1257 scribebant.
493 1196 600 1278 itaque
630 1198 844 1279 competitores
869 1199 994 1257 nomina
1014 1197 1062 1257 se-

96 1321 165 1362 rere
185 1304 264 1374 suis,
283 1312 315 1363 et
327 1302 485 1363 consulum
506 1303 597 1387 Appii
618 1315 648 1365 et
668 1301 864 1366 Ahenobarbi
884 1303 987 1381 libris3
1006 1303 1060 1366 de·

93 1409 166 1469 inde
185 1408 267 1492 apud
288 1411 474 1491 argentarios
494 1410 655 1493 pecuniam
674 1411 800 1472 eandem
822 1410 997 1473 consulibus
1013 1432 1061 1472 as·

96 1517 274 1597 signavere,
304 1527 340 1578 ut
367 1516 406 1577 ab
438 1517 496 1578 ittis
528 1521 718 1600 acciperent,
747 1520 866 1601 ipsique
898 1520 1061 1599 argentarii

94 1622 187 1684 fidem
209 1621 285 1684 adeo
306 1645 392 1685 suam
412 1644 471 1706 pro
491 1622 705 1707 pollicentibus
725 1623 909 1706 obligaturum
929 1622 1061 1706 denique

93 1728 230 1791 aliorum
250 1731 416 1792 multorum
439 1735 469 1792 in
489 1732 575 1793 libris
595 1732 712 1805 fecere,
737 1742 772 1793 ut
794 1752 830 1792 ea
850 1753 897 1792 res
917 1731 1063 1793 scribere·

94 1847 162 1910 tur,
182 1836 294 1920 quibus
314 1841 434 1899 testium
454 1839 523 1901 loco
544 1842 588 1901 uti
609 1849 746 1923 possent,
765 1849 904 1921 essetque
917 1838 1013 1913 adeo,
1028 1849 1064 1900 ut

95 1943 203 2004 Cicero
222 1942 294 2004 alibi
315 1944 404 2018 dicit,
431 1945 599 2007 multorum
631 1945 743 2006 tabulis
762 1955 878 2006 testata
909 1946 955 2004 lta
975 1947 1059 2005 omni

96 2052 215 2112 tutione
235 2062 358 2113 cautum
379 2053 553 2114 consulibus
573 2063 646 2115 erat
666 2052 758 2114 Herv.
778 2050 832 2112 sed
850 2063 880 2112 et
899 2051 1061 2113 nominibtu

96 2171 127 2220 et
143 2159 430 2242 praescriptionibus.

59 2286 90 2325 rr
118 2265 296 2326 Nominibus
316 2267 453 2328 Memmii
474 2277 503 2327 et
523 2267 650 2327 Domitii
672 2286 707 2327 ex
728 2264 808 2326 libro
829 2264 943 2326 deictis.

57 2392 94 2434 12
117 2372 164 2432 lta
184 2393 246 2433 non
265 2374 532 2448 commovebatur,
552 2374 638 2456 quasi
658 2373 734 2433 nihil
752 2384 843 2456 tmpe
857 2374 1062 2434 commisisset.

97 2478 216 2541 Manut.
229 2480 288 2564 Ep.
301 2480 424 2554 DCLV,
439 2502 466 2542 a:
487 2481 525 2543 Si
541 2481 704 2553 rrsehcscuie
715 2481 810 2564 Appii
820 2501 854 2541 os
867 2480 1011 2553 haberent,
1021 2514 1063 2529 -·

98 2598 197 2647 tarsen
217 2588 272 2648 hoc
291 2590 432 2649 stutinenc
452 2609 511 2649 non
529 2609 654 2670 possem.

59 2693 97 2753 13
119 2690 232 2755 Consul
251 2714 381 2776 nempe,
396 2695 549 2756 Domitius
570 2694 800 2757 Ahenobarbus.

58 2800 96 2877 14
116 2799 175 2882 Ep.
203 2799 346 2881 CXLVI,
377 2825 405 2885 7.
435 2801 503 2863 Lib.
530 2803 626 2866 Laud.
652 2824 723 2864 cum
744 2802 823 2864 Aldo
850 2815 880 2862 et
907 2801 1062 2883 Hcrvagio

94 2907 243 2983 concione.

56 3012 94 3073 15
115 3015 198 3092 Quia
217 3035 273 3076 suo
293 3016 418 3077 consilio
439 3027 545 3078 contra
565 3018 694 3077 Domitii
715 3016 904 3077 voluntatem
925 3033 992 3074 eam
1006 3033 1059 3095 pa-

93 3123 226 3181 ctionem
246 3123 277 3182 in
298 3134 402 3184 senatu
422 3127 571 3186 recitarat.
596 3124 706 3204 Victor,

58 3225 94 3287 16
114 3227 160 3289 Vt
179 3227 294 3290 faveret
312 3230 477 3313 Pompeio,
497 3234 550 3313 qui
572 3252 639 3292 eam
660 3230 822 3292 affectabat
839 3229 908 3309 (cp.
929 3247 993 3307 seq.
1013 3223 1061 3303 3).

94 3333 179 3394 Haec
199 3347 269 3396 sunt
288 3341 400 3419 partim
422 3326 439 3399 e
459 3341 591 3420 vestigiis
608 3338 718 3400 codicis
734 3338 853 3397 Octavii
867 3330 1061 3414 pantagathi,

99 3451 131 3501 ct
150 3445 262 3525 partim
283 3465 301 3506 e
321 3447 492 3507 coniectura
512 3448 638 3519 Fae‘rni,
663 3443 805 3515 eonati,
823 3441 950 3521 Malasp.
970 3440 1062 3499 Lam-

93 3547 157 3607 bini
188 3561 218 3610 et
248 3551 290 3611 M.
320 3553 414 3614 Bruti.
446 3554 567 3616 Priscae
597 3555 663 3617 edd.
693 3555 839 3615 concitans
871 3549 1058 3609 dictaturam.

93 3653 231 3729 Iustitio,
264 3663 348 3739 quasi
380 3663 453 3721 iuris
482 3665 569 3723 statio
581 3707 591 3735 ,
618 3660 756 3732 horest,
777 3678 871 3740 quum
892 3654 1061 3715 iurisdictio

93 3763 312 3824 intermittitur.
334 3767 441 3828 lustitii
464 3778 600 3850 tempore
627 3790 689 3828 non
719 3767 818 3827 solum
846 3766 893 3823 ius
913 3761 1062 3822 intermit-

98 3867 237 3943 tebatur,
257 3872 418 3935 sedetiam
440 3875 631 3958 publicorum
654 3894 816 3935 munerum
841 3872 966 3934 cessatio
987 3876 1060 3930 erat.

50 3980 53 3988 “
96 3974 176 4038 Vide
197 3978 294 4040 Tacit.
316 3982 391 4045 Aun.
413 3984 443 4056 1,
469 3981 503 4044 16
523 3994 554 4044 et
573 3981 629 4059 503
650 3993 680 4044 et
701 3982 743 4053 11,
764 3979 812 4042 82.
