2632 4852
255 308 322 411 rid
582 323 752 374 rrrsrotu
777 323 923 372 cxcvnr.
1024 317 1153 368 nuc.
1173 318 1224 379 ⁶99

250 431 397 532 pristina
422 453 533 501 cause.
559 429 637 525 Ego
664 435 782 498 dotem
801 448 909 525 quum
924 420 982 495 illa
1000 445 1141 523 sequor,
1160 445 1248 521 quae

249 555 368 657 paullo
394 568 474 627 ante
498 553 670 655 proposui
685 553 729 651 ⁸⁷,
755 565 831 626 tum
855 550 924 623 hoc
948 552 1021 621 non
1049 546 1088 619 in
1113 558 1249 646 postre-

250 682 315 753 mis
327 736 338 779 ,
368 679 412 752 de
445 703 515 780 quo
551 702 736 779 coeperam
770 701 952 778 exponere.
981 671 1063 747 Non
1090 669 1249 746 offendes

251 804 401 878 eundem
435 803 610 878 bonorum
643 829 799 901 sensum,
831 798 1001 899 Lentule,
1033 823 1138 900 quem
1171 794 1250 868 reli·

250 930 376 1032 quisti,
408 931 468 1032 qni
501 930 726 1003 confirmatus
765 924 960 1001 consulatu'
979 937 1124 1022 nostro,
1159 944 1249 993 non-

251 1081 443 1157 numquam
466 1069 591 1155 postea
615 1055 851 1154 interruptus,
882 1049 1030 1125 afflictus
1048 1050 1080 1101 ⁸⁸
1107 1059 1189 1119 ante
1215 1059 1250 1118 tc

251 1179 451 1279 consulem,
487 1193 662 1253 recreatus
695 1179 759 1252 abs
791 1193 845 1276 te,
880 1191 976 1251 totus
1005 1187 1060 1248 est
1082 1199 1178 1247 nunc
1205 1169 1249 1244 ab

250 1305 309 1403 iis,
333 1331 352 1377 a
380 1304 505 1407 quibus
532 1305 683 1379 tuendus
708 1305 834 1403 fuerat,
859 1301 1061 1399 derelictus,
1085 1281 1255 1400 idemque

251 1455 324 1501 non
349 1429 462 1503 solum
493 1430 608 1504 fronte
642 1444 747 1532 atque
773 1428 889 1527 vultu,
922 1426 1047 1529 quibus
1073 1421 1249 1497 simulatio

252 1552 412 1627 facillime
438 1557 648 1654 sustinetur,
673 1554 852 1628 declarant
876 1554 917 1653 ii,
941 1553 1001 1655 qui
1024 1567 1101 1625 tum
1127 1564 1248 1623 nostro

251 1678 311 1751 illo
328 1693 421 1752 statu
438 1682 626 1781 optimates
643 1680 924 1777 nominabantur,
940 1677 1004 1752 sed
1020 1677 1128 1749 etiam
1145 1701 1247 1749 sensu

236 1829 355 1904 saepe
380 1805 450 1878 iam
467 1795 662 1908 tabellaque
669 1808 702 1875 ⁸9
721 1806 923 1880 docuerunt.
943 1805 1066 1906 Itaque
1083 1817 1160 1875 tota
1179 1801 1247 1873 iam

252 1931 461 2029 sapientium
490 1932 635 2030 civium,
660 1930 798 2033 qualem
823 1958 879 2004 me
904 1944 940 2003 et
965 1955 1039 2004 esse
1065 1942 1101 2001 et
1126 1954 1246 2000 nume·

251 2055 319 2128 rari
345 2056 447 2156 volu,
483 2071 519 2130 et
554 2059 728 2131 sententia
760 2072 797 2130 et
827 2055 988 2129 voluntas
1013 2067 1148 2128 mutata
1175 2077 1246 2126 esse

253 2179 365 2253 debet.
403 2182 447 2254 ld
481 2182 572 2256 enim
607 2180 705 2256 iubet
736 2183 830 2254 idem
858 2181 918 2285 ille
950 2180 1052 2256 Plato
1069 2197 1114 2278 9⁰,
1145 2205 1247 2280 quem

252 2330 316 2402 ego
347 2306 572 2382 vehementer
604 2322 783 2383 auctorem
813 2332 955 2411 sequor:
992 2319 1131 2379 tantum
1165 2330 1247 2377 con·

251 2429 393 2503 tendere
417 2434 456 2504 in
480 2459 517 2506 re
542 2433 702 2534 publica,
734 2447 904 2537 quantum
929 2430 1078 2535 probare
1104 2431 1175 2504 tuis
1202 2431 1245 2503 oi·

252 2554 353 2628 vibus
378 2560 511 2658 possis,
544 2561 615 2632 vim
646 2585 760 2660 neque
793 2560 948 2659 parenti,
975 2583 1089 2659 neque
1115 2558 1245 2658 patriae

252 2677 364 2754 afferri
390 2697 559 2783 oportere.
598 2688 712 2786 Atque
738 2685 828 2757 hane
856 2685 997 2784 quidem
1022 2681 1079 2756 ille
1107 2709 1246 2756 causam

251 2803 318 2878 sibi
343 2808 391 2880 ait
408 2824 438 2875 9¹
471 2836 544 2884 non
580 2812 802 2910 attingendae
838 2813 888 2884 rei
919 2809 1080 2911 publicae
1121 2809 1248 2906 fuisse,

252 2932 347 3032 quod
358 2988 369 3031 ,
407 2962 514 3035 quum
552 2936 754 3015 offendisset
788 2937 960 3037 populum
996 2935 1245 3010 Atheniensem

249 3082 362 3158 prope
387 3061 457 3134 iam
483 3061 711 3161 desipientem
737 3075 932 3161 senectute,
964 3087 1143 3162 quumque
1169 3087 1245 3133 eum

251 3202 316 3256 nec
341 3186 603 3286 persuadendo,
635 3214 699 3261 nee
726 3188 884 3287 cogendo
909 3189 981 3286 regi
1006 3213 1112 3289 posse
1139 3186 1244 3264 vidis·

251 3323 325 3409 set,
349 3333 456 3412 quum
480 3311 680 3413 persuaderi
706 3339 811 3414 posse
828 3331 860 3383 9²
886 3313 1076 3411 diffideret,
1094 3313 1174 3412 cogi
1198 3311 1243 3385 fas

250 3460 421 3537 essenon
447 3437 679 3514 arbitraretur.
705 3441 784 3513 Mea
809 3442 900 3514 ratio
925 3441 989 3512 snit
1014 3438 1105 3539 alia,
1134 3436 1245 3540 quod,

249 3560 361 3659 neque
388 3563 581 3666 desipiente
607 3567 764 3669 populo,
801 3593 913 3668 neque
939 3568 1073 3664 integra
1100 3591 1138 3639 re
1164 3563 1246 3636 mihi

251 3683 297 3754 nd
329 3689 600 3791 consulendum,
638 3718 899 3794 capesseremne
937 3720 1009 3766 rem
1043 3691 1243 3793 publicam,

249 3806 445 3908 implicatus
482 3819 625 3894 tenebar
641 3823 682 3892 9³.
723 3820 792 3893 Sed
829 3821 977 3894 laetatus
1003 3833 1123 3894 tamen
1149 3843 1242 3913 sum,
