2632 4852
271 335 316 409 16
600 356 767 406 errarunt
794 360 922 408 cxxxii.
1039 359 1070 408 x.
1084 363 1121 410 v.
1139 365 1167 410 c.
1186 365 1235 426 ⁶99

266 459 342 533 lum
366 471 620 558 argumentum,
636 459 704 531 nisi
720 472 798 531 tuas
816 460 1037 560 accepissem.
1063 461 1154 536 Nam
1170 466 1261 565 prid.

266 585 351 658 Idus
375 611 484 686 quum
508 585 643 685 Appius
669 597 828 657 senatum
852 585 1106 687 infrequentem
1132 593 1264 689 coegis-

267 725 337 810 set,
360 724 498 783 tantum
522 709 587 782 fuit
612 710 732 809 frigus,
756 724 796 783 ut
820 709 978 811 pupuli²
1004 715 1166 788 convicio
1184 742 1266 791 coa*

267 852 344 926 ctus
377 836 422 910 sit
446 862 512 911 nus
538 834 752 909 dimitteret
790 837 844 908 De
870 838 1107 937 Commageno
1132 868 1214 942 rege
1230 843 1265 940 t,

265 963 364 1067 quod
395 932 469 1036 rem
501 975 612 1035 totam
647 959 875 1035 discusseram
887 1016 897 1058 ,
931 964 1074 1039 mirifice
1107 966 1195 1041 mihi
1230 986 1267 1047 et

264 1116 329 1189 per
354 1116 408 1188 se,
433 1102 468 1161 et
492 1114 556 1188 per
580 1088 849 1188 Pomponium⁵
879 1087 1092 1163 blanditur⁶
1116 1092 1266 1192 Appius.

264 1214 376 1288 Videt
399 1215 510 1313 euim,
534 1213 602 1286 hoc
628 1238 753 1311 genere
779 1213 919 1286 dicendi
949 1216 978 1287 si
1005 1228 1082 1288 utar
1107 1218 1144 1291 in
1170 1233 1266 1293 cete-

265 1341 330 1438 ris,
353 1338 612 1427 Februarium
639 1338 790 1412 sterilem
814 1339 989 1413 futurum:
1022 1366 1170 1444 eumque
1196 1343 1266 1418 lusi

263 1465 382 1538 iocose
414 1454 519 1565 satis,
549 1490 662 1566 neque
695 1464 808 1538 solum
840 1463 928 1537 illud
953 1468 1082 1540 extorsi
1108 1469 1264 1568 oppidu-

262 1589 336 1664 lum
353 1593 381 1694 Β,
405 1590 501 1692 quod
525 1602 599 1663 erat
635 1591 790 1691 positum
817 1590 854 1664 in
878 1590 1061 1691 Euphrate
1086 1605 1123 1664 ct
1147 1594 1264 1693 Zeug-

197 1742 199 1747 “
261 1731 358 1792 mate
372 1735 405 1817 93
429 1716 493 1791 sed
516 1729 695 1818 praeterea
713 1729 832 1815 togam
848 1741 926 1790 sum
943 1717 1016 1789 eius
1033 1730 1266 1820 praetextam,

263 1870 370 1945 quam
395 1857 470 1917 erat
495 1841 644 1944 adeptus
672 1843 820 1916 Caesare
853 1841 1012 1943 consule,
1045 1868 1174 1942 magno
1190 1840 1290 1920 'ho-⁴

261 1972 397 2043 minum
413 1969 484 2043 risu
503 1966 694 2042 cavillatus.
713 2001 731 2036 a
747 1967 855 2061 Quod
871 1993 937 2044 nos
953 1966 1031 2043 vult
1049 1984 1090 2068 ¹⁰,
1106 1969 1267 2071 iuquam,

259 2120 430 2170 renovare
455 2094 607 2168 honores
634 2092 791 2193 eosdem,
808 2118 879 2196 quo
896 2093 1012 2167 minus
1029 2105 1149 2192 togam
1165 2120 1267 2195 prae·

259 2233 392 2293 textam
405 2235 433 2272 ¹¹
461 2220 648 2321 quotannis
664 2216 870 2318 interpolet,
888 2217 1149 2292 decernendum
1173 2219 1263 2293 nihil

260 2370 387 2417 censeo
402 2361 441 2416 ¹².
457 2345 534 2417 Vos
560 2357 677 2416 autem
701 2343 862 2417 homines
886 2343 1041 2442 nobiles,
1062 2345 1122 2445 qui
1139 2347 1266 2420 Busre-

259 2495 347 2542 num
360 2471 389 2520 ¹³
415 2483 672 2569 praetextatum
697 2493 770 2542 nun
787 2468 967 2569 ferebatis,
983 2470 1265 2569 Commagenum

260 2595 398 2668 feretisl
423 2627 441 2659 n
474 2596 593 2668 Genus
626 2594 724 2669 vides
759 2608 795 2667 et
827 2593 944 2669 locum
971 2595 1122 2669 iocandi.
1148 2594 1262 2670 Multa

261 2720 333 2793 dixi
357 2721 393 2792 in
418 2721 607 2819 ignobilem
630 2747 762 2819 regem:
790 2720 916 2823 quibus
942 2735 1039 2795 totus
1066 2735 1120 2794 est
1145 2721 1264 2822 explo-

260 2873 326 2920 sus.
354 2847 436 2939 Quo
462 2873 586 2946 genere
613 2861 810 2922 commotus
836 2854 894 2934 (ut
920 2847 1010 2936 dixi)
1029 2847 1185 2948 Appius,
1210 2861 1260 2922 to·

260 2986 336 3046 tum
360 2999 416 3045 me
437 2971 466 3037 ¹4
497 2973 722 3073 amplexatur.
760 2972 856 3047 Nihil
893 2986 946 3047 est
978 2974 1074 3045 enim
1105 2971 1260 3071 facilius,

260 3122 366 3197 quam
390 3097 522 3200 reliqua
548 3097 728 3199 discutere.
755 3098 825 3171 Sed
848 3123 922 3175 non
946 3098 1090 3196 faciam,
1106 3111 1148 3172 ut
1164 3097 1258 3171 illum

258 3222 452 3322 offendam,
477 3249 521 3296 ne
546 3224 712 3325 imploret
744 3223 851 3298 fidem
880 3224 974 3298 Iovis
1005 3222 1203 3324 Hospitalis
1222 3225 1257 3320 ¹⁵,

258 3348 384 3422 Graios
410 3374 531 3423 omnes
558 3363 748 3448 convocet,
773 3375 836 3449 per
862 3372 949 3450 quos
974 3373 1117 3422 mecum
1132 3349 1172 3423 in
1189 3374 1256 3448 gra·

258 3473 342 3546 tiam
368 3474 479 3547 rediit.
510 3454 512 3458 ¹

308 3628 329 3672 2
356 3600 592 3702 Theopompo
618 3602 866 3677 satisfaciemus
886 3605 925 3674 ¹⁶.
950 3603 1006 3676 De
1031 3602 1183 3676 Caesare
1206 3599 1248 3670 f-

257 3738 354 3820 gernt
378 3752 434 3799 me
460 3725 506 3799 ad
531 3741 566 3799 te
591 3727 753 3801 scribere.
778 3728 894 3803 Video
919 3728 1031 3826 enim,
1048 3753 1137 3828 quas
1158 3739 1197 3798 tu
1219 3721 1248 3792 li·

258 3863 348 3925 teras
367 3867 395 3919 ¹⁷
421 3855 640 3955 exspectaris.
667 3854 738 3930 Sed
761 3853 819 3929 ille
844 3855 985 3956 scripsit
1013 3853 1061 3930 ad
1084 3852 1240 3940 Balbum,
