2632 4852
252 349 325 424 308
613 361 883 414 tunorrrroucs

243 462 296 549 ‘41‘
311 468 361 531 vt·
374 478 457 539 ecte,
477 485 554 548 quae
575 483 655 525 cous.
677 464 786 524 Caesar
806 461 981 522 adversante
997 458 1129 541 Collega.
1144 459 1250 520 Bibulo

291 585 405 658 egerat,
418 573 571 634 Ciceronis
584 571 712 632 restituti
726 570 870 631 sententie
884 565 1252 644 confirmarentur-Quod

292 703 386 765 quum
398 680 545 762 Pompeio
558 679 689 755 Quintus
702 671 904 759 promisisset,
916 694 980 734 non
994 685 1150 756 praestare
1162 671 1252 733 fidem

290 790 353 848 eius
372 786 465 848 frater
488 785 609 846 Marcus
636 787 667 844 in
699 791 734 844 eu
760 783 905 845 sententio
932 781 970 842 de
997 798 1075 862 egro
1095 776 1253 862 Campano

282 898 371 956 'visus
392 904 444 954 est.
465 890 658 952 Min-Elius.

251 1003 290 1080 42
311 999 420 1061 Ambb.
440 1019 558 1070 omues,
580 1008 699 1078 praeter
719 1017 791 1068 sec,
805 998 878 1056 item
891 1003 962 1056 vett.
976 993 1045 1055 edd.
1060 992 1133 1054 curn
1146 990 1253 1052 Le‘mb.

263 1116 408 1166 '··nt'eam
428 1125 506 1176 non,
526 1096 612 1162 utin
632 1122 679 1183 ep.
699 1100 921 1163 DCCCXLVI.

253 1202 415 1291 43‘Vulg'o
445 1231 535 1291 quum
568 1221 663 1268 tamen
688 1220 758 1267 unte
789 1201 969 1290 Pompeius,
998 1215 1107 1265 contro
1138 1214 1253 1264 nostros

293 1336 410 1390 omnes3
429 1313 654 1395 Mertyni-Lag.
671 1324 701 1374 et
715 1312 825 1373 Schiltz
846 1315 937 1372 etiem
958 1324 1058 1371 tannen
1078 1311 1252 1371 omiserunt
1284 1373 1286 1377 ,

289 1418 447 1502 ‘Significat
466 1420 647 1502 Pompeium
667 1430 697 1480 et
717 1418 894 1480 mandatum
921 1419 1038 1497 Quinto
1059 1415 1203 1487 dedisse,
1225 1423 1253 1475 et

272 1521 488 1589 fuih'ilomiuus
508 1525 677 1587 Vibullium
699 1528 822 1588 misisse.
944 1510 948 1519 ¹

254 1634 295 1710 44
314 1632 480 1693 Lambinus
501 1635 678 1715 scripturam
699 1634 858 1694 solicitevit
871 1635 934 1694 sine
948 1653 1053 1704 cause,
1068 1643 1104 1692 ut
1116 1631 1253 1719 integrum

294 1739 365 1798 milri
374 1771 415 1786 —-
428 1760 488 1799 nem
508 1759 658 1799 servarem.
680 1739 812 1811 Caelius,
832 1760 879 1821 ep.
901 1738 1053 1811 CCXLll,
1076 1738 1111 1799 3:
1134 1736 1173 1797 de
1193 1735 1254 1795 Do-

294 1843 404 1904 labella
423 1843 563 1923 integrum
583 1845 634 1906 ribi
648 1864 780 1904 reserves.
802 1845 860 1904 Alii
875 1844 990 1904 malunt
1003 1847 1149 1923 integrum
1163 1835 1208 1904 me
1218 1873 1253 1889 -·

294 1969 456 2023 servarem,
476 1949 732 2031 quemadmodum
752 1949 825 2011 alibi
846 1951 981 2034 loquitur
1002 1950 1124 2015 cicero.

255 2054 297 2133 45
317 2055 383 2122 Hoc
403 2066 466 2127 est,
487 2075 546 2138 pro
566 2077 600 2116 re
620 2055 705 2137 publ.

255 2160 297 2239 46
317 2162 392 2222 Tres
413 2160 522 2223 tmbb.
542 2163 728 2244 animumque
735 2163 899 2247 fidemque.

255 2270 294 2348 47
315 2269 419 2347 Quum
439 2268 511 2329 dicit
531 2268 638 2330 bonum
657 2271 747 2331 civem
765 2273 863 2331 innuit
883 2291 936 2330 sue
957 2272 988 2329 in
1009 2288 1077 2330 rem
1098 2268 1185 2352 publ.
1206 2268 1251 2329 bc·

295 2374 418 2447 ueficia,
438 2396 533 2456 quum
554 2376 660 2437 bonum
682 2378 789 2450 virum,
801 2399 832 2437 se
847 2377 923 2438 velle
942 2375 1034 2435 fidem
1056 2375 1164 2435 datam
1185 2378 1252 2435 ami-

295 2484 337 2541 cis
357 2479 504 2555 liberere,
525 2493 555 2542 et
574 2482 741 2570 Pompule,
766 2504 824 2566 pro
845 2481 992 2545 beneficio
1012 2494 1163 2564 accepto,
1189 2502 1250 2564 gra-

296 2599 362 2648 tum
383 2608 454 2650 esse.

256 2694 296 2771 48
316 2696 401 2756 Nunc
421 2697 545 2757 alteram
565 2718 687 2758 causam
701 2696 802 2768 effert,
816 2718 870 2756 our
883 2718 901 2755 e
915 2696 1060 2756 sententia
1074 2695 1251 2762 discesserit,

295 2803 530 2872 malivolentiam
543 2816 573 2866 et
586 2803 833 2867 obtrectationem
845 2802 1049 2887 quorumdam
1063 2805 1249 2885 optimatum.

298 2910 415 2971 Mansit.

256 3015 296 3095 49
315 3016 357 3075 Μ.
379 3016 500 3078 Catonis
520 3020 696 3100 inprimis,
716 3018 833 3091 Bibuli,
853 3020 887 3091 L.
908 3017 1042 3077 Domitii.
1066 3015 1188 3074 Manat.

257 3118 296 3181 50
316 3123 399 3182 Dixit
418 3126 450 3183 in
470 3145 517 3206 ep.
538 3124 624 3198 CVI,
649 3147 673 3185 1.
696 3126 811 3187 Manut.

256 3226 290 3286 51
314 3228 391 3289 Edd.
414 3231 488 3290 lons.
508 3231 581 3292 Min.
602 3233 747 3293 inimicum
767 3253 863 3292 nterrm
879 3228 1031 3302 Clodium3
1052 3227 1095 3287 ad
1117 3225 1249 3287 Clodium

296 3337 401 3416 utique
421 3348 549 3418 spectat,
576 3338 679 3398 sedin
709 3339 834 3420 epistola
856 3337 893 3396 ad
914 3335 1099 3406 Lentulum,
1119 3337 1169 3394 cui
1187 3341 1250 3393 note

295 3461 343 3500 res
363 3452 445 3514 eret,
463 3445 577 3503 ¹inimici
598 3465 710 3506 nomeu
731 3456 775 3506 est
795 3448 941 3527 ineptum.

254 3541 292 3606 52
313 3546 383 3606 Duo
405 3546 512 3610 ltmbb.
534 3552 786 3633 circuminspectis.

239 3646 294 3739 *53
315 3651 402 3710 Amb.
425 3654 459 3725 3,
481 3656 531 3714 ribi
547 3657 589 3715 sic
610 3656 739 3718 breviter.

253 3751 294 3830 54
313 3757 348 3816 ln
372 3761 473 3842 primo
498 3762 619 3823 Graevii
649 3763 762 3824 Cinneis
793 3762 987 3845 temporibus,
1020 3759 1107 3841 quod
1129 3757 1247 3820 Lallem.

293 3862 325 3923 iu
346 3864 484 3932 Cinnanis
504 3874 645 3944 correxit,
666 3871 825 3956 ediditque.
848 3869 908 3934 Sed
928 3879 957 3930 et
977 3869 1049 3929 mets
1069 3889 1132 3928 nou
1152 3863 1243 3946 displi-
