2632 4852
166 340 235 387 220
501 334 670 385 eersrom
694 335 805 383 ccxix.
941 335 1069 386 nnc.
1089 352 1135 398 700

163 454 236 513 tem
254 454 281 489 ¹¹
309 437 492 539 quisquam
517 436 707 510 admiratur
731 444 813 523 (est
840 436 935 508 enim
958 440 1161 539 copiarum,

163 591 237 639 non
261 565 443 661 virtutis),
476 589 590 664 neque
623 563 805 664 quisquam
835 577 911 662 est,
943 565 1030 664 quin
1049 581 1081 613 ¹²
1106 593 1161 638 sa-

163 693 282 765 tietate
305 691 377 763 iam
402 689 553 762 defessus
579 689 632 760 sit.
658 688 728 760 Sed
752 687 874 785 aliter,
906 703 1013 790 atque
1041 707 1160 765 osten-

163 817 304 914 darem,
337 816 447 914 facio,
480 815 541 916 qui
577 813 751 911 ingrediar
769 816 799 864 ¹³
833 814 880 886 ad
913 815 1159 915 explicandam

162 943 332 1015 rationem
369 942 560 1014 sententiae
596 965 702 1012 meac.
739 940 857 1032 Quare
889 965 1033 1023 omnem
1066 942 1157 1016 ha'nc

162 1068 435 1169 disputationem
458 1067 496 1139 in
521 1066 713 1140 adventum
736 1079 837 1138 tuum
861 1065 995 1140 differo.
1012 1067 1156 1142 Summa

161 1195 249 1266 scito
274 1195 312 1266 in
336 1192 594 1293 exspectatione
618 1204 653 1265 te
673 1217 747 1264 esse
764 1191 805 1289 ¹4,
821 1217 930 1293 eaque
947 1218 968 1264 a
986 1205 1024 1265 te
1041 1219 1159 1294 exspc·
1185 1257 1190 1261 .

161 1320 264 1418 ctari,
289 1322 377 1419 quae
403 1345 423 1390 a
448 1343 582 1391 summa
607 1319 757 1416 virtute,
783 1342 991 1418 summoque
1016 1319 1156 1417 ingenio

161 1442 395 1543 exspectanda
427 1457 529 1516 sunt:
564 1442 611 1514 ad
642 1467 731 1544 quae
763 1443 793 1515 si
828 1467 883 1541 es,
912 1456 954 1515 ut
991 1442 1101 1516 debes
1119 1445 1156 1542 ¹⁵,

160 1583 302 1668 paratus
328 1569 452 1670 (quod
476 1571 525 1642 ita
550 1595 625 1642 esse
651 1568 836 1667 conlido),
862 1567 1024 1669 plurimis
1049 1571 1155 1643 maxi·

160 1696 295 1796 misque
320 1695 520 1768 muneribus
536 1697 566 1746 ¹⁶
583 1709 619 1767 et
643 1720 709 1767 nos
734 1695 879 1792 amicos,
896 1708 932 1767 et
956 1695 1054 1768 cives
1078 1710 1154 1768 tuos

66 1842 72 1856 ·
161 1824 358 1919 universos,
385 1837 422 1894 et
443 1848 517 1895 rem
541 1821 719 1922 publicam
743 1821 879 1893 afficies.
906 1819 1001 1892 Illud
1026 1846 1154 1919 cogno-

160 1973 235 2020 sces
260 1947 418 2049 profecto
437 1963 477 2045 ¹⁷,
503 1947 588 2021 mihi
621 1961 656 2019 te
689 1972 802 2047 neque
830 1945 1019 2044 cariorem,
1044 1972 1152 2048 neque

159 2073 400 2148 iucundiorem
425 2101 499 2147 esse
525 2099 743 2176 quemquam.

580 2328 725 2433 §LXX
865 2367 922 2426 (aa
937 2367 992 2414 nav.
1007 2367 1071 2426 vu,
1087 2367 1129 2422 η)

158 2502 375 2580 Argummtum.
395 2507 454 2566 Per
474 2509 573 2565 iocum
595 2507 723 2584 exagitat
743 2501 944 2573 Trebatium,
965 2524 1058 2584 quem
1078 2502 1148 2582 Epi-

198 2630 321 2669 cureum
342 2611 454 2671 factum
474 2631 537 2671 esse
556 2610 654 2670 Pansa
673 2619 857 2669 narraverat.

447 2817 499 2869 Ser.
519 2818 614 2870 Romae
631 2817 662 2871 Δ.
680 2814 714 2866 V.
732 2815 760 2868 C.
779 2814 854 2867 DCC.

429 3015 594 3080 CICERO
623 3012 880 3077 ΤΒΕΒΑΤΙΟι

205 3202 375 3300 Mirabar,
400 3201 484 3303 quid
509 3216 616 3301 esset,
641 3201 736 3304 quod
756 3215 794 3274 tu
816 3200 903 3272 mihi
918 3200 1061 3275 literas²
1078 3201 1149 3272 mit·

159 3345 232 3403 tere
264 3331 511 3403 intermisisses.
544 3328 718 3404 Indicavit
749 3326 834 3400 mihi
866 3330 984 3400 Pansa
1014 3353 1110 3401 meus
1126 3326 1150 3422 ³,

154 3454 402 3555 Epicureuml
427 3470 461 3528 te
487 3482 561 3528 esse
586 3457 725 3530 factum.
760 3457 792 3527 0
818 3469 932 3528 castra
958 3455 1150 3556 praeclara!

157 3582 253 3671 Quid
278 3597 316 3655 tu
341 3584 499 3682 fecisses,
523 3585 553 3656 si
579 3597 613 3655 te
638 3584 848 3680 Tarentum,
873 3595 910 3654 et
933 3607 1010 3658 non
1036 3582 1148 3654 Sama·

153 3704 357 3780 robrivam⁵
374 3708 561 3782 misissem?
578 3711 653 3782 Iam
671 3722 746 3783 tum
762 3707 849 3781 mihi
874 3733 949 3782 non
974 3708 1147 3811 placebas,

154 3857 262 3931 quum
286 3833 380 3908 idem
403 3835 599 3935 intuebare,
625 3836 720 3937 quod
746 3849 782 3908 et
800 3835 951 3910 Titius⁶
977 3835 1146 3911 familiaris
