2632 4852
163 310 211 383 oo
496 327 664 377 nrrsrona
690 327 804 375 cxmv.
934 326 1132 378 unctos

212 433 236 526 4
261 430 376 504 Venio
401 455 494 503 nunc
519 429 566 501 ad
590 429 645 527 id,
667 427 764 528 quod
787 426 907 501 nescio
933 452 978 499 an
1001 428 1157 526 primum

163 576 238 630 esse
263 549 429 629 debuerit
455 533 487 626 O
512 553 681 626 iucundas
705 552 793 625 mihi
819 565 895 625 tuas
913 551 957 624 de
973 553 1154 648 Britannia

161 680 293 756 literas!
318 679 501 753 Timebam
527 681 721 777 Oceanum,
747 677 913 750 timebam
936 676 1034 750 littus
1057 680 1155 752 insu·

161 799 226 879 lae.
257 804 400 906 Reliqua
432 825 505 905 non
538 804 699 906 equidem
738 816 949 902 contemn03
980 803 1045 876 sed
1076 804 1157 904 plns

161 925 293 1004 hahent
317 945 435 1004 tamen
459 931 534 1031 spei
540 983 551 1030 7
576 957 686 1032 quam
706 928 856 1027 timoris,
873 925 1052 1031 magisque
1078 952 1156 1002 sum

160 1056 315 1131 solicitus
340 1056 599 1156 exspectatione
633 1081 691 1154 ea,
725 1081 829 1156 quam
860 1068 965 1127 metu.
990 1049 1044 1127 Tc
1070 1032 1154 1129 vero

160 1183 309 1251 ὑπόθεσιν
333 1180 507 1255 scribendi
539 1181 711 1278 egregiam
744 1179 872 1252 habere
903 1177 1018 1252 video.
1055 1180 1155 1270 Quos

161 1319 200 1378 m
225 1307 328 1405 situs,
364 1331 449 1406 quas
481 1320 622 1379 naturas
655 1332 770 1378 rerum
799 1319 835 1377 et
858 1303 1033 1402 locorum,
1066 1330 1154 1405 quos

159 1455 294 1531 mores,
318 1453 403 1532 quas
429 1445 564 1531 gentes,
590 1453 675 1532 quas
700 1455 851 1531 pugnas,
877 1452 981 1530 quem
1001 1455 1088 1504 vero
1103 1431 1153 1530 ip-

159 1578 237 1628 sum
260 1553 505 1658 imperatorem
527 1552 657 1630 habesl
681 1559 760 1654 Ego
785 1570 820 1628 te
844 1542 1010 1653 libenter,
1035 1569 1076 1627 nt
1101 1580 1151 1628 ro-

161 1707 237 1781 gas,
262 1682 387 1783 quibus
411 1675 515 1755 rebus
540 1682 609 1781 vis,
644 1673 838 1779 adiuvabo,
863 1689 899 1752 et
925 1675 990 1752 tibi
1016 1698 1150 1777 versus,

159 1835 248 1909 quos
272 1836 390 1909 rogas,
413 1811 514 1905 γλαῦκ’
541 1817 581 1890 εἰς
607 1811 743 1889 Ἀθήνας
763 1825 792 1860 ¹²
818 1810 964 1882 mittam.

178 2038 179 2041 Ἴ
209 1933 231 2008 5
257 1935 327 2006 Sed
351 1935 437 2008 heus
463 1944 519 2011 tu!
544 1935 646 2009 celari
673 1935 795 2008 videor
819 1961 838 2007 a
864 1948 908 2006 te.
943 1934 1148 2027 Quomodo·

157 2087 240 2134 nam
275 2062 324 2134 mi
354 2062 479 2161 frater,
517 2063 561 2135 de
598 2063 725 2136 nostris
758 2060 915 2136 versibus
935 2064 965 2112 ¹³
997 2057 1149 2134 Caesari

156 2185 247 2259 Nam
277 2187 430 2288 primum
462 2187 589 2261 librum
620 2214 658 2260 se
689 2186 818 2285 legisse·
848 2186 987 2288 scripsit
1024 2186 1149 2260 adme

157 2325 253 2412 ante3
280 2327 316 2385 et
340 2314 451 2412 prima
477 2310 543 2411 sic,
568 2327 608 2385 ut
632 2322 817 2412 neget7'se
842 2338 887 2384 ne
912 2313 1048 2385 Graeca
1075 2313 1148 2414 qui-

157 2435 238 2508 dem
263 2431 406 2510 meliora
431 2434 561 2536 legisse.
586 2436 730 2540 Reliqua
757 2433 802 2510 ad
828 2436 1015 2539 quemdam
1033 2432 1147 2511 locum

156 2564 375 2659 pcdvpdrepu:
400 2563 468 2637 hoc
493 2548 586 2636 enini
611 2566 720 2636 utitur
744 2558 862 2637 verbo.
887 2559 952 2636 Dic
978 2560 1065 2635 milli
1092 2587 1146 2638 ve·

155 2712 250 2783 rum,
276 2712 360 2759 num
386 2702 447 2761 aut
475 2715 529 2761 res
562 2716 658 2789 eum,
692 2703 752 2762 aut
776 2693 931 2785 χαρακτὴρ
956 2713 1029 2761 ιιοιι
1057 2686 1146 2761 dele·

156 2810 251 2884 ctatl
275 2811 369 2885 Nihil
394 2827 464 2912 est,
488 2814 584 2916 quod
608 2840 758 2889 vereare.
783 2817 862 2912 Ego
886 2814 980 2887 enim
1005 2839 1051 2886 ne
1076 2812 1145 2914 pilo

157 2936 300 3036 quidem
331 2940 445 3013 minus
469 2964 533 3014 me
558 2940 692 3013 amabo.
722 2940 799 3014 Hac
824 2939 869 3012 de
894 2965 931 3013 re
956 2943 1144 3030 φιλαλήθως,

156 3075 214 3162 et2
235 3078 276 3136 ut
300 3060 410 3164 soles,
435 3065 546 3140 ¹scribe
570 3067 728 3140 fraterne.

581 3331 721 3413 CXLV.
868 3375 923 3435 (Aa
937 3373 990 3424 nn.
1007 3376 1070 3437 vu,
1083 3374 1124 3433 ω)

51 3594 57 3611 ι
152 3509 371 3591 Argumentum.
395 3531 407 3575 ι
438 3515 540 3576 locose
571 3510 699 3597 exagitat
729 3510 906 3576 Trebatium
936 3524 972 3573 ut
991 3511 1142 3573 meliorem

193 3617 446 3700 Iureconsultum,
466 3643 558 3704 quam
578 3623 719 3698 militem3
740 3642 758 3681 a
779 3618 886 3682 deinde
905 3623 1017 3680 iterum
1031 3639 1063 3679 se
1077 3635 1138 3679 cum

193 3721 312 3785 Caesari
333 3726 554 3791 commendasse
575 3732 631 3806 ait3
656 3732 792 3812 petitque
817 3738 852 3789 ut
873 3726 946 3809 quid
966 3726 1138 3807 profecerit,

193 3847 228 3886 ac
247 3829 284 3890 de
303 3843 382 3896 statu
402 3856 456 3896 suo
477 3848 506 3897 et
527 3836 655 3898 consiliis
676 3858 706 3897 se
728 3839 886 3899 certiorem
907 3833 1004 3894 faciat.
