2632 4852
262 293 333 369 352
624 310 894 363 tuucrtrtoues

258 419 280 481 8
300 417 374 479 cot
399 417 435 478 15
455 418 518 478 nai.
807 470 810 475 .
1031 478 1035 485 ,

257 549 279 609 9
299 525 493 586 Contrarium
513 523 610 584 estin
635 543 683 606 ep.
705 521 834 594 CLVll,
854 542 889 594 2,
908 531 972 582 not
996 541 1047 598 υς
1074 522 1130 583 sed
1158 544 1263 585 caune

245 615 251 625 ι
298 655 370 694 suae
390 631 570 715 plerumque
589 631 714 691 inservit
733 629 850 690 Cicero.

262 760 298 800 ιο
316 740 388 798 Duo
408 739 520 810 nostri,
540 736 601 797 Zel.
621 736 646 795 B
666 746 697 796 et
716 734 784 797 edd.
805 744 877 796 vett.
897 733 953 795 hoc
973 733 1156 810 mmmm,-
1176 741 1263 820 septi·

167 909 173 921 ‚
296 856 365 906 inus
385 865 457 905 vero
478 845 506 904 lt.
526 842 686 905 iucwtdwu
704 854 756 902 est.
1109 888 1115 897 .

261 975 292 1013 ιι
317 954 395 1012 runs
416 939 510 1012 civilis
530 950 701 1034 prudentia.
724 947 846 1011 conat
868 948 942 1010 cod.
968 970 1002 1009 η
1020 969 1133 1031 paam
1155 952 1214 1011 aas.

261 1079 296 1121 ια
316 1057 421 1121 Verba
441 1059 527 1130 sunt,
547 1078 600 1118 seu
620 1056 753 1117 formida
772 1057 897 1138 antiqua
923 1058 1013 1130 iuris,
1034 1078 1098 1139 qua
1120 1059 1192 1139 quis
1212 1079 1258 1119 co-

296 1186 361 1225 ram
374 1175 514 1248 praetore
528 1163 687 1236 utebatur,
701 1185 797 1246 quum
811 1162 851 1223 ab
865 1162 1039 1224 adversario
1053 1184 1182 1244 agrum,
1203 1167 1261 1224 sive

296 1271 372 1355 quid
390 1270 474 1331 aliud
486 1281 643 1353 repeteret
665 1270 745 1331 Hinc
757 1269 835 1331 illud
848 1270 896 1330 De
908 1269 995 1330 Orat
1010 1271 1039 1342 l,
1064 1291 1111 1332 10:
1135 1271 1262 1355 aliquem

294 1399 337 1440 cx
355 1379 416 1439 turc
435 1398 557 1439 manum
576 1389 740 1438 comertum
753 1397 865 1439 vocare.
886 1376 1016 1438 Manum
1027 1390 1198 1438 consertum
1210 1401 1261 1439 au·

225 1550 228 1555 ⁴
294 1495 357 1546 tem
373 1494 419 1546 est
431 1505 525 1547 manu
538 1483 781 1568 apprehensum
802 1487 875 1566 quia
887 1485 1040 1566 litigantes
1053 1486 1087 1545 iu
1100 1504 1185 1557 rem,
1204 1483 1259 1546 boc

295 1604 353 1665 cst,
374 1595 404 1653 in
425 1612 534 1674 agrum
553 1592 592 1652 dc
613 1612 675 1674 quo
700 1591 737 1653 lis
764 1602 845 1664 arat,
865 1589 1042 1664 veniebant,
1063 1589 1173 1673 ibique
1199 1612 1260 1653 ma-

294 1721 369 1762 num
390 1699 590 1772 conserendo,
615 1698 676 1763 hoc
702 1709 761 1772 est,
782 1697 1009 1779 coniungendo,
1029 1697 1107 1759 alter
1133 1699 1259 1759 alterum

295 1806 333 1866 de
346 1806 441 1867 fundo
462 1804 695 1879 exterminabat,
715 1818 750 1868 ut
769 1805 856 1868 fundi
877 1809 941 1867 cius
959 1807 1186 1888 pussessionem
1206 1805 1259 1867 sibi

295 1912 470 1975 vindicaret.
490 1912 600 1974 Paullo
619 1914 707 1974 aliter
728 1913 844 1974 Gellius
865 1911 935 1994 (lib.
950 1913 1027 1984 XX,
1048 1934 1075 1972 c
1093 1916 1148 1994 ro>
1171 1933 1257 1996 quam

294 2018 333 2079 ad
354 2020 440 2080 Orat.
460 2040 519 2102 pro
538 2021 618 2080 Mur.
640 2042 665 2080 c.
691 2041 725 2079 12
746 2018 957 2101 expendemus.
977 2019 1057 2078 llam
1076 2017 1132 2079 liic
1152 2029 1198 2081 est
1217 2022 1259 2078 io·

274 2132 349 2187 ‘cus
368 2126 524 2187 dumtaxat
545 2126 716 2199 Ciceronis,
737 2147 799 2209 quo
820 2124 970 2208 significat
984 2123 1136 2186 Trebatio
1149 2124 1258 2186 bellum

294 2234 322 2297 ei
343 2254 406 2294 esse
426 2233 577 2315 agendum
596 2255 659 2295 uon
685 2233 823 2295 formulis
849 2235 940 2306 iuris,
964 2230 1017 2292 sed
1044 2231 1138 2293 ferro.
1159 2232 1258 2295 Versi-

294 2341 354 2401 culi
375 2352 445 2403 sunt
464 2362 501 2403 ex
520 2340 630 2403 Ennio.
656 2340 813 2406 Ernestius
840 2359 961 2406 uranum
986 2351 1164 2401 consertum.
1191 2339 1258 2399 Mox

293 2468 377 2527 mage
397 2469 454 2529 pro
475 2449 600 2530 vulgato
620 2449 715 2530 magis
735 2449 874 2514 dedimus
895 2468 966 2509 cum
986 2447 1130 2513 Manutio
1151 2444 1257 2508 Schittz

294 2566 324 2614 et
345 2556 443 2616 Gellio
464 2556 484 2615 l.
505 2578 531 2616 c.
896 2559 897 2562 ’

259 2663 293 2721 13
314 2660 364 2721 Sic
384 2673 505 2744 praeter
528 2673 703 2725 nostrorum
723 2663 900 2746 plerosque,
920 2660 1008 2720 multi
1035 2658 1169 2720 aliorum
1193 2678 1258 2718 cum

293 2766 363 2826 Rec.
388 2778 418 2827 et
440 2768 507 2828 add.
529 2769 608 2829 Med.
629 2780 659 2830 et
679 2769 752 2830 Min.
776 2769 837 2828 hoc
862 2789 963 2830 sensu:
988 2768 1057 2827 istic
1078 2766 1181 2837 ferro,
1201 2785 1258 2824 nou

292 2874 367 2933 iuris
391 2873 647 2957 disputationibus
669 2879 818 2949 cernitur,
845 2887 876 2939 at
904 2887 938 2936 tu
959 2874 1066 2946 lCtus,
1088 2876 1115 2934 si
1141 2871 1257 2955 quaudo

293 2977 356 3039 vim
380 2980 523 3055 adhibes,
546 3004 613 3042 eam
634 3004 697 3045 non
716 2983 814 3055 ferro,
835 2982 887 3043 sed
906 2979 1049 3042 facundia
1069 2991 1103 3041 et
1123 2978 1257 3040 ubertde

292 3086 455 3148 disserendi
484 3089 560 3149 soles
581 3110 713 3152 exerere.
734 3089 867 3171 Vulgata
883 3064 991 3149 lectio:
1016 3099 1047 3146 et
1069 3098 1103 3146 tu
1124 3086 1201 3147 soles
1220 3081 1258 3142 ad

291 3195 348 3254 vim
358 3192 534 3276 faciendam
550 3194 685 3257 adbiberi
696 3197 811 3257 iamdiu
824 3196 958 3257 eruditos
971 3194 1121 3275 fatigavit.
1137 3191 1256 3259 Schfitz,

292 3313 326 3361 ut
345 3302 419 3364 alios
440 3306 593 3376 omittam,
613 3316 737 3366 auctore
757 3304 908 3364 Lambino
929 3303 1074 3362 correxit:
1097 3315 1132 3361 at
1151 3313 1184 3361 tu
1203 3319 1256 3358 nou

289 3409 365 3467 solas
377 3408 420 3468 ad
432 3412 488 3470 vim
497 3408 675 3492 faciendam
693 3411 840 3483 adhiberi,
862 3430 938 3490 quae
953 3409 1044 3472 lectio
1062 3409 1157 3467 nimis
1170 3406 1254 3484 longe

289 3514 403 3575 recedit
426 3537 444 3576 a
464 3520 557 3580 mstis.
584 3519 626 3579 Et
645 3519 782 3580 adhibere
810 3518 947 3599 quidem,
967 3536 1030 3577 non
1054 3513 1193 3576 adhiberi
1214 3520 1253 3571 est

288 3624 320 3681 in
346 3621 488 3684 omnibus
508 3625 570 3688 fere
591 3625 701 3687 Ambb.

233 3712 235 3716 ¹
254 3727 290 3804 1'4
310 3728 394 3806 Quid
408 3733 445 3791 sit
458 3733 592 3813 exceptio
606 3745 636 3795 et
650 3734 724 3816 quid
737 3731 920 3794 interdictum
933 3728 1002 3790 vide
1016 3750 1075 3813 pro
1092 3727 1219 3788 Caecina
1232 3723 1247 3780 3

289 3838 370 3896 etin
391 3837 472 3912 lud,
493 3841 565 3901 item
586 3852 616 3903 et
637 3844 734 3925 ipsam
754 3842 959 3924 exceptionem
988 3835 1073 3920 quod
1100 3847 1132 3898 tu
1154 3833 1245 3919 prior,
