2632 4852
160 303 231 395 240
480 318 649 369 urrerem
674 320 811 374 curru.
931 317 962 366 Α.
980 323 1014 368 v.
1032 322 1062 368 c.
1080 337 1125 384 ,ω

156 450 296 524 vereor,
320 451 383 522 ue,
398 424 427 497 si
443 422 530 495 nihil
554 421 601 495 ad
617 433 652 494 te
669 420 883 523 scripserim,
893 419 1062 511 ¹debitum
1079 425 1151 498 eius

156 552 278 627 virtuti
313 548 433 624 videar
465 548 703 621 testimouium
738 571 811 619 non
849 544 987 620 dedisse
1006 550 1057 622 ¹⁶:
1098 551 1152 622 sin

157 690 275 778 autem
299 676 433 775 omnia,
457 699 546 780 quae
571 674 703 773 sentio,
727 673 1007 774 perscripserim,
1032 699 1078 750 ne
1102 702 1152 752 re-

156 803 278 876 fricem
300 803 387 875 meis
410 801 518 874 literis
544 799 752 874 desiderium
784 825 826 874 ac
858 798 1018 874 dolorem
1042 815 1153 875 tuum.

156 927 228 1006 Sed
251 940 369 1001 tamen
399 924 669 1026 prudentissime
701 925 828 1026 facies,
860 928 889 1000 si
923 919 1019 1001 illius
1041 928 1151 1029 pieta-

157 1067 250 1152 tem,
272 1053 454 1151 virtutem,
477 1050 703 1152 iudustriam,
724 1051 936 1154 ubicumque
953 1053 1041 1152 eris,
1057 1066 1153 1126 trram

156 1203 252 1276 esse,
276 1190 394 1250 tecum
418 1202 493 1250 esse
518 1176 625 1250 duces
644 1193 683 1248 ¹⁷.
720 1176 796 1251 Nec
828 1178 922 1251 enim
945 1179 1065 1254 mines
1088 1203 1154 1251 nc-

156 1316 228 1375 stra
253 1316 352 1401 sunt,
377 1326 465 1403 quae
491 1303 609 1376 animo
633 1302 916 1403 complectimur,
940 1328 1049 1405 quam
1065 1330 1153 1406 quae

156 1427 267 1501 oculis
290 1428 475 1500 intuemur.
501 1427 741 1523 Quamobrem
765 1442 802 1502 et
825 1427 915 1502 illius
940 1429 1069 1502 eximia
1090 1430 1155 1503 rir-

157 1565 231 1653 tus,
256 1578 478 1659 summusque
503 1555 540 1630 in
565 1567 600 1626 te
626 1580 741 1654 amor,
765 1579 910 1653 magnae
935 1553 1001 1628 tibi
1028 1579 1153 1628 conso«

155 1677 279 1753 lationi
305 1677 410 1751 debet
435 1705 528 1778 esse,
552 1693 589 1752 et
602 1706 678 1766 ,nos
703 1680 877 1781 ceterique
892 1680 932 1779 ¹⁸,
948 1681 1011 1783 qui
1028 1693 1064 1755 te
1081 1705 1150 1754 nen

157 1829 201 1879 ex
224 1803 380 1905 fortuna,
404 1804 467 1879 sed
491 1831 534 1881 ex
558 1806 687 1879 virtute
706 1820 767 1878 tua
783 1804 987 1906 pendimus,
1004 1831 1153 1905 semper*

158 1955 226 2031 que
250 1929 467 2030 pendemus,
500 1945 537 2003 et
560 1933 733 2030 maxime,
765 1931 872 2004 animi
897 1931 949 2002 tui
975 1933 1153 2005 conscien-

158 2057 206 2129 tia
222 2071 262 2154 ¹9,
283 2082 393 2157 quum
416 2055 482 2128 tibi
505 2055 594 2128 nihil
617 2058 741 2130 merito
767 2055 935 2129 accidisse
960 2055 1155 2156 reputabis,

158 2181 188 2254 si
213 2196 250 2255 et
273 2179 410 2255 illude
433 2181 624 2281 adiunges:
660 2181 819 2255 homines
843 2144 1022 2283 eripientes
1048 2181 1154 2281 turpi·

158 2306 301 2408 tudine,
337 2310 411 2381 non
443 2331 547 2408 casu,
583 2322 621 2381 et
644 2306 771 2381 delicto
796 2333 877 2407 suo,
909 2331 984 2382 non
1010 2305 1154 2380 aliorum

157 2433 284 2506 iniuria
310 2434 532 2511 commoveri.
556 2435 653 2534 Ego,
677 2448 714 2507 et
736 2434 904 2513 memoria
928 2445 1072 2511 nostrae
1096 2458 1152 2506 re-

158 2559 242 2631 teris
268 2560 455 2659 amicitiae,
487 2552 524 2632 ct
554 2561 820 2661 virtutemque
847 2557 1071 2637 observantia
1095 2555 1151 2630 filii

160 2685 212 2756 tui
235 2686 389 2762 monitus
406 2701 448 2786 ²¹,
472 2684 569 2758 nullo
592 2684 673 2760 loco
699 2685 825 2784 deero,
857 2709 973 2786 neque
999 2684 1048 2758 ad
1072 2708 1150 2756 con-

159 2808 361 2910 solandum,
384 2836 498 2912 neque
523 2809 569 2884 ad
592 2809 784 2884 levandum
794 2827 827 2868 ²²
843 2810 1025 2884 fortunam
1049 2823 1148 2882 uram.

159 2934 216 3007 Tu
240 2936 268 3009 si
295 2936 380 3039 quid
403 2937 492 3011 forre
517 2936 563 3011 ad
586 2962 643 3017 me
667 2938 861 3038 scripseris,
886 2937 1086 3039 perficiam,
1108 2959 1147 3007 ne

159 3061 345 3137 tlerustra
368 3064 548 3169 scripsisse
572 3063 746 3144 arbitrere.

542 3314 757 3388 CLXXVII.
902 3353 958 3412 (Aa
967 3352 1075 3413 niv-Vll,
1084 3349 1124 3405 14)

160 3488 379 3567 Argumentum.
400 3491 602 3553 Familiariter
620 3504 651 3554 et
663 3495 762 3555 iocose
775 3489 970 3565 Trebatium,
985 3491 1040 3577 qui
1053 3488 1140 3550 literas

199 3594 296 3671 nullas
316 3599 457 3671 miserat,
477 3598 625 3681 obiurgat.
