2632 4852
249 303 319 375 312
609 321 879 378 annonarionns

285 427 368 488 lnlra
386 436 557 486 nostrorum
576 423 733 506 plerique,
752 425 822 482 Rer.
842 434 874 483 et
892 423 960 483 orlrl.
984 435 1055 484 vett.
1075 423 1168 508 ilique
1189 446 1244 489 non

284 534 395 604 murm,
413 531 496 613 qnod
514 549 576 590 non
596 529 741 612 displicet.

245 640 287 723 89
304 640 386 699 blan
405 638 547 698 sensenna
562 656 649 718 saepe
661 638 722 696 riam
733 647 789 696 ete
803 635 984 718 Mart-Lag.
998 648 1029 697 et
1043 637 1115 699 Seh.
1129 651 1244 699 ostensa

283 765 373 827 saepe
391 746 451 804 riam
471 743 599 816 tabella,
618 763 655 803 ex
674 745 901 816 coniecturnne,
927 765 968 803 an
988 743 1077 805 oodd.
1098 766 1172 806 mss.
1191 767 1243 806 au-

284 855 440 924 ctoritate,
459 853 616 911 nescimus.

244 981 285 1041 9⁰
305 962 340 1017 ln
361 958 492 1017 Critone.

243 1086 280 1147 9¹
304 1064 340 1123 ln
359 1066 445 1145 epist.
474 1062 512 1122 ad
543 1061 735 1134 Perdioeam,
765 1082 857 1142 quam
888 1061 1012 1122 Ficinus
1043 1062 1155 1123 Dionis
1183 1084 1243 1124 esse

283 1179 379 1252 putat.
400 1169 517 1230 Manat.

244 1297 284 1360 9²
305 1275 416 1336 Sehiitz
434 1275 622 1354 desipientem
639 1285 784 1349 senectute
794 1318 807 1367 ’.
831 1273 1007 1356 persuaderi
1021 1296 1113 1357 posse
1132 1273 1245 1357 dffde·

284 1394 347 1456 ret;
367 1380 460 1441 verba
479 1382 649 1451 interiecta,
669 1390 704 1440 ut
724 1391 838 1439 temere
858 1380 1022 1452 inculcata,
1043 1379 1166 1441 delevit

244 1488 285 1570 93
304 1487 382 1548 Edd.
404 1489 479 1547 lens.
508 1486 582 1545 Min.
614 1497 732 1544 tenerer.
759 1486 796 1544 ln
824 1506 885 1567 seq.
906 1488 1054 1547 sententia
1073 1485 1164 1547 Amb.
1184 1499 1243 1549 ter·

284 1593 406 1655 tiusdec.
427 1592 482 1652 sed
501 1605 598 1652 ranan
618 1593 752 1653 heman.

244 1701 286 1783 94
306 1700 530 1770 Kouesseus,
549 1699 644 1782 qrrie.

243 1796 285 1888 95
305 1807 351 1866 Te
370 1817 400 1866 et
419 1803 565 1888 Pompeio
586 1807 723 1888 exceptis.

242 1911 285 1994 96
304 1912 375 1972 Ree.
395 1920 426 1972 et
445 1911 491 1971 ed.
512 1912 569 1972 Ro.
588 1911 627 1972 de
649 1912 771 1975 Vatinio
789 1925 819 1972 et
839 1911 951 1973 Crasso.

242 2038 282 2103 97
302 2019 390 2080 Amb.
415 2038 449 2080 ta
469 2041 539 2079 eum
559 2019 605 2080 ed.
625 2018 705 2079 Med
715 2019 821 2101 sactus
839 2033 891 2080 est.
912 2021 999 2079 Anno
1019 2020 1173 2081 nimirum
1193 2041 1241 2081 su-
1289 2064 1292 2072 ·

282 2128 419 2210 periore,
446 2148 541 2208 quum
566 2127 608 2186 M.
636 2126 712 2186 Cato
731 2129 795 2186 eins
815 2128 996 2208 competitor
1016 2128 1175 2209 repulsam
1195 2138 1241 2188 tu-

282 2233 381 2310 lisset;
400 2255 447 2317 ep.
469 2233 572 2308 CXX,
599 2234 633 2309 ὃς
659 2232 740 2294 Plus
768 2236 799 2294 in
825 2233 890 2294 Cat.
909 2234 983 2296 Min.
1002 2245 1075 2316 post
1095 2233 1198 2309 med,
1215 2244 1243 2294 et

281 2342 348 2401 Liv.
370 2340 434 2412 CV,
458 2341 502 2417 15„
957 2362 961 2368 ·

244 2446 285 2530 98
304 2447 362 2528 Ep.
383 2446 521 2518 CXLIV,
541 2446 568 2507 3.

242 2573 284 2635 99
304 2553 473 2634 Hispaniis3
494 2573 607 2635 supra,
625 2557 642 2628 S
662 2553 684 2630 4
702 2563 771 2614 ante
791 2552 868 2614 med.
892 2552 1016 2613 Gonud.

247 2680 303 2719 100
324 2657 432 2719 Ambb.
459 2669 531 2741 sept.
561 2670 592 2720 et
619 2659 804 2741 quintusdec.
831 2681 867 2719 ue
888 2661 960 2732 hoc,
978 2659 1090 2742 supple
1110 2659 1239 2744 ᾳυιὶίσηιι

282 2785 319 2824 ne
338 2766 393 2824 hoc
411 2764 543 2847 quadem,
563 2764 593 2825 h.
614 2786 639 2825 e.
660 2787 698 2826 ne
718 2764 772 2825 tibi
793 2765 909 2826 absenti
930 2765 1054 2847 quidem
1077 2788 1231 2848 reponam.

246 2890 297 2930 101
322 2870 457 2931 Terentii
478 2871 658 2944 Comoedia,
677 2873 739 2943 lll,
763 2894 787 2944 1,
807 2872 856 2944 50,
876 2893 973 2954 seqq.:
993 2872 1047 2932 ubi
1069 2873 1169 2935 Thais
1187 2893 1238 2934 no·

280 2976 409 3037 minabit
433 2976 614 3039 Phaedriam
643 2979 791 3058 (rivalem
812 2979 953 3059 militis),
973 2990 1008 3039 tu
1029 2980 1166 3061 (miles)
1186 3001 1238 3040 no-

280 3082 410 3142 minabis
422 3083 630 3167 Pamphilam,
644 3104 721 3167 quae
735 3084 845 3145 Thaidi
858 3087 956 3145 vicem
970 3084 1030 3145 det.
1042 3087 1123 3147 Tres
1135 3087 1237 3147 Ambb.

280 3209 350 3248 eum
380 3189 425 3250 ed.
457 3192 533 3252 lens.
564 3189 668 3251 nudet
693 3193 783 3253 militi.
810 3192 897 3253 hmb.
922 3195 1187 3275 quartusdecimus
1212 3204 1238 3255 et

279 3296 465 3375 quintusdee.
489 3298 661 3370 nontinarit3
687 3309 717 3359 et
737 3309 804 3361 tert.
824 3302 925 3360 statim
945 3302 1084 3361 continuo
1108 3304 1235 3363 nontim-

279 3400 331 3462 bis.
352 3403 433 3462 Infra
454 3423 576 3476 omnes,
596 3406 723 3486 septimo
743 3418 881 3489 excepto,
901 3428 979 3468 eum.
1001 3407 1074 3469 Rec.
1095 3426 1235 3469 comessa-

280 3517 357 3580 tum,
375 3507 420 3567 ed.
440 3509 496 3569 Ro.
516 3526 750 3572 commeruatum.

244 3629 297 3672 ron
318 3613 368 3673 Sic
387 3615 569 3689 Lambinus,
589 3639 678 3699 quem
700 3618 769 3680 sch.
789 3629 819 3680 et
833 3619 965 3682 Clericus
987 3632 1168 3704 sequuntur.
1182 3621 1234 3681 No

280 3721 332 3778 stri
353 3718 415 3780 Par·
429 3741 487 3803 pru
504 3725 587 3804 pati,
607 3735 641 3786 ul
660 3726 783 3790 bellem.

245 3821 298 3882 103
319 3824 380 3886 Zel.
400 3829 425 3887 Δ
446 3828 584 3892 hilariter.
