2632 4852
254 329 326 420 264
614 346 882 394 sruorrrrours
918 352 921 356 ⁴

171 516 175 521 ,
250 451 271 510 5
290 450 460 510 Edd.1ens.
481 449 554 508 Min.
571 468 629 528 per
643 449 797 528 poputum.

250 555 272 618 6
290 558 390 628 Metu,
408 577 447 614 ne
467 554 568 615 itidem
590 557 696 613 exteris
715 553 836 634 legatis,
857 563 909 613 aut
937 551 1059 634 regibus
1086 553 1241 635 aliquida

290 674 395 721 senatu
414 659 583 745 petentibus
604 659 756 719 obsistam.
778 659 868 736 Quod
890 658 958 719 ideo
974 661 1089 742 Appius
1102 662 1183 722 nolle
1197 665 1240 728 vi-

280 767 432 840 debatur,
445 770 530 849 quia,
543 787 638 848 quum
652 765 766 847 aliquid
778 785 884 825 eorum
899 785 988 825 eausa
1001 778 1125 833 senatus
1141 765 1241 828 deere-

260 914 262 918 -
287 877 391 946 risset,
410 894 536 933 munera
550 871 694 932 mercedis
707 873 789 943 loco,
809 882 862 932 aut
881 873 971 930 etiam
990 882 1113 953 pactam
1127 892 1238 939 merce-

289 979 356 1039 dem
371 980 498 1051 consuli,
512 981 563 1061 qui
577 978 615 1037 ad
630 990 765 1038 senatum
780 977 943 1049 retulisset,
957 977 1238 1044 darevconsuessent.

288 1087 325 1146 td
343 1085 509 1167 significant
528 1081 578 1145 illa
597 1083 690 1144 verba
704 1105 782 1165 quae
796 1093 975 1164 sequuntur:
999 1083 1109 1157 Videt,
1128 1086 1183 1144 'hoc
1193 1107 1239 1165 ge-

288 1215 356 1253 nere
375 1191 493 1253 dicendi
509 1190 537 1251 si
553 1204 622 1251 utar
638 1192 668 1251 ia
687 1193 803 1264 ceteris,
822 1190 1017 1250 Fehntart'um
1043 1190 1174 1251 sterilem
1186 1190 1239 1272 su÷

290 1309 394 1359 turum.
415 1299 529 1358 Manut.
571 1297 573 1302 ’

249 1426 267 1485 7
287 1403 471 1464 Februarius
490 1406 598 1463 mensis
618 1401 775 1486 postulatis
794 1404 1019 1484 provinciarum
1039 1413 1070 1464 et
1083 1403 1239 1483 legationi·

284 1491 350 1570 xhus
367 1508 521 1570 audiendis
541 1508 684 1585 dabatur3
704 1532 751 1593 ep.
771 1510 879 1572 XCV.

248 1615 269 1677 8
288 1615 376 1676 Amb.
402 1615 437 1676 16
456 1615 489 1675 id
506 1651 547 1663 -·-
566 1615 745 1699 oppidulum.

247 1743 269 1803 9
289 1721 415 1782 Affirrno
435 1733 468 1789 et
483 1721 640 1800 Zeugmate
661 1721 818 1782 Ciceronis
832 1742 893 1782 non
913 1742 991 1783 esse:
1012 1729 1063 1795 et,
1077 1735 1114 1785 ut
1128 1723 1199 1782 oiim
1215 1724 1243 1781 in

286 1830 353 1887 iure
372 1826 523 1900 solebant,
542 1830 584 1887 sic
604 1849 661 1909 ego
682 1831 870 1910 sponsionem
885 1828 1027 1900 facerem,
1046 1831 1078 1888 ni
1096 1829 1240 1910 glossema

287 1935 333 1994 sit.
354 1932 470 1994 Manut.
491 1934 627 2005 Vereor,
654 1956 692 1994 ne
718 1937 906 1994 temerariam
927 1935 1031 1995 fecerit
1051 1938 1240 2017 sponsionem

287 2040 450 2100 Manutius.
472 2039 506 2100 ld
527 2043 606 2100 enim
629 2038 774 2122 oppidum
795 2051 859 2101 erat
879 2042 1011 2122 positum
1032 2043 1064 2099 in
1078 2040 1242 2123 Euphratis

286 2149 431 2218 transitu,
449 2146 498 2208 vel
518 2145 557 2206 ad
576 2157 700 2229 pontem
720 2146 901 2229 Euphratis,
920 2146 1000 2207 unde
1018 2145 1135 2206 dictum
1147 2147 1241 2208 fuerat

255 2278 259 2284 ¹
289 2250 436 2333 Zeugma,
457 2269 612 2333 quaeror
633 2253 745 2333 graecis
762 2264 898 2334 pontem,
918 2252 967 2314 rel
985 2249 1069 2314 fluvii
1093 2256 1242 2330 trajectum

287 2356 442 2438 significat.
470 2357 547 2418 Ptin.
572 2357 590 2417 l.
611 2357 656 2429 V,
680 2379 704 2418 c.
726 2358 781 2434 24,
804 2369 872 2417 sect.
894 2379 948 2418 21:
969 2358 1242 2438 Zeugamtransitu

253 2503 255 2510 ·
290 2464 453 2544 Euphratis
464 2464 567 2524 nobile.
582 2463 704 2523 Gruteri
718 2473 803 2523 vetus
819 2461 896 2524 liher
907 2463 1039 2526 habehat
1052 2466 1083 2524 ia
1098 2457 1243 2546 Euphrciti

286 2582 450 2648 zeugmate3
471 2572 512 2628 sic
532 2572 622 2629 etiam
644 2570 736 2629 codex
757 2569 947 2630 Sorhonieus.
969 2571 1074 2630 Potuit
1096 2571 1242 2653 Euphrati

253 2700 256 2706 ·
286 2694 344 2755 pro
365 2676 526 2756 Euphratis
546 2674 654 2746 scribi,
673 2687 708 2736 ut
728 2676 822 2736 muita
839 2677 874 2736 'id
895 2687 987 2757 genus
1002 2677 1059 2757 (ad
1072 2699 1120 2760 ep.
1132 2678 1239 2749 cvm,

285 2790 347 2838 not.
369 2781 433 2858 30).
458 2784 501 2840 Ac
527 2781 662 2863 profecto
690 2785 713 2841 si
740 2782 821 2862 legas
847 2784 876 2840 ia
904 2783 1064 2863 Euphratis
1084 2783 1239 2864 Zeugmate

284 2886 398 2967 aliquid
419 2887 541 2968 vulgato
560 2889 669 2948 melius
688 2887 822 2948 habebis.
853 2890 989 2950 Olivetus.
1018 2889 1107 2950 Amb.
1130 2893 1167 2951 'ia
1191 2913 1240 2952 eu·

281 2988 384 3073 phrati
403 3005 433 3053 et
451 3007 597 3074 errgraate5
618 2993 723 3054 Lamh.
744 2997 774 3054 ia
795 2995 962 3076 Euphrate,
982 2994 1124 3076 Zeugma.

250 3116 286 3157 ro
307 3098 356 3158 Sic
377 3099 546 3160 emendavit
560 3099 682 3174 Schir'tz‚
696 3123 794 3183 quum¹
805 3100 874 3161 libri
888 3103 1003 3185 aliquot
1016 3100 1151 3164 habeant
1164 3101 1240 3185 quod

283 3224 342 3264 non
355 3206 422 3264 vult.
437 3207 610 3267 Tunstallus
624 3210 801 3268 coniiciebat
814 3229 892 3268 auru
905 3231 930 3267 ν.
942 3207 1099 3280 Olivetus,
1120 3221 1238 3270 auctore

281 3310 433 3383 Victorio,
453 3314 641 3393 negationem
663 3315 777 3390 omisit3
798 3336 868 3374 sane
893 3317 920 3374 ei
940 3314 1021 3375 favet
1048 3318 1142 3376 etiam
1166 3315 1238 3376 liber

282 3416 395 3490 Landi,
416 3419 461 3478 ed
476 3421 550 3480 lens.
565 3420 643 3480 Edd.
657 3421 712 3482 Ro.
728 3420 812 3493 Aldi,
834 3422 925 3482 Horu
945 3420 1028 3502 quod
1046 3423 1152 3544 nolit...
1172 3423 1237 3483 Mox

247 3521 368 3582 Amh.
394 3523 430 3583 16
450 3547 518 3585 eum
540 3525 585 3586 ed.
607 3526 698 3589 Herv.
720 3548 876 3588 revocare.
924 3579 925 3583 ,

246 3646 276 3687 11
302 3626 364 3688 Sihi
387 3633 466 3690 enim
486 3631 594 3693 honori
608 3649 719 3714 magno
733 3656 795 3696 esse
809 3633 937 3716 putabat
951 3635 1162 3696 Romanorum
1176 3656 1236 3695 ma·

283 3734 463 3814 gistratuum
485 3749 515 3799 et
535 3740 733 3821 ingenuorum
754 3754 866 3802 vestem
888 3741 1021 3801 induere.

245 3856 284 3908 ω,
304 3829 461 3907 ldem'tib.
481 3845 575 3908 Laud.
597 3849 758 3930 interpellet
776 3847 989 3910 decernendum
1013 3870 1127 3913 causeo.
1148 3848 1238 3910 luter-
