2632 4852
165 345 235 436 204
511 332 681 412 rursroun
706 363 808 412 curn.
935 363 965 412 Α.
984 366 1018 414 v.
1038 368 1065 414 c.
1085 367 1132 420 aas

524 580 550 587 ΙΙ
586 590 727 666 CLXII·
856 633 912 693 (aa
928 635 979 682 nn.
997 636 1066 694 xnr,
1081 640 1125 724 ⁴l'

160 758 378 855 Argumentum.
390 771 552 834 Lucceium
567 762 764 832 'commendat
784 766 934 832 Culleolo:

283 981 336 1032 scr.
355 980 450 1031 lionae
466 979 534 1030 inan
548 974 581 1028 Δ.
598 975 632 1030 V.
648 968 678 1029 C.
697 971 828 1028 ncxcffl
845 984 873 1030 et
890 974 1028 1032 DCXCIX.

81 1202 85 1219 ..
180 1108 224 1231 n.
248 1161 284 1225 r.
308 1106 452 1227 cicaro
476 1107 511 1223 ι’.
534 1103 770 1229 evacuator
796 1122 962 1239 euocet.
987 1157 1018 1224 s.
1044 1161 1077 1225 r.
1094 1163 1130 1224 n.

162 1428 166 1448 ἓ
205 1349 246 1420 L.
271 1347 440 1439 Lucceius
464 1369 563 1441 meus
574 1360 600 1446 ²,
615 1341 723 1419 homo
740 1342 898 1420 omnium
921 1344 1155 1449 gratissimus,

157 1474 320 1559 mirificas
344 1473 410 1547 tibi
434 1471 529 1575 apud
553 1499 609 1546 me
634 1473 759 1577 gratias
778 1459 865 1572 egit,
882 1456 991 1579 quum
1008 1475 1153 1574 diceret,

158 1600 336 1674 omnia'te
360 1598 630 1679 cumulatissime
662 1612 698 1672 et
722 1598 959 1679 liberalissime
983 1627 1151 1701 procura-

157 1724 292 1801 toribus
317 1727 387 1798 suis
411 1725 609 1826 pollicitum
625 1731 708 1798 csse.
734 1726 856 1818 Quum
871 1727 985 1799 oratio
1003 1741 1066 1800 tua
1083 1741 1153 1800 tam

158 1853 190 1924 ei
216 1866 313 1951 grata
336 1848 458 1952 fuerit,
490 1879 595 1955 quam
627 1865 761 1950 gratam
792 1878 866 1925 rem
894 1842 1010 1952 ipsam
1036 1855 1151 1926 existi-

157 2005 232 2053 mas
258 1976 354 2078 fore,
386 2003 516 2081 quum,
547 1991 588 2049 ut
619 1976 741 2080 spero,
761 2003 861 2078 ‚quae
893 1976 1071 2078 pollicitus
1093 2004 1151 2075 es,

157 2103 298 2179 seceris?
315 2106 470 2177 Omnino
488 2101 744 2178 ostenderunt³
762 2092 956 2205 Bulliones,
976 2102 1057 2177 sese
1065 2107 1152 2187 Luc-

157 2232 233 2304 ceio
257 2232 417 2331 Pompeii
447 2217 616 2305 arbitratu
640 2226 878 2304 satisfacturos
895 2228 920 2301 4.
955 2230 1029 2304 Sed
1050 2229 1154 2319 reba-

156 2370 293 2431 menter
317 2383 407 2457 opus
432 2371 486 2432 est
509 2354 629 2454 nobis,
654 2370 690 2428 et
716 2355 951 2457 voluntatem,
976 2354 1014 2428 e't
1039 2340 1154 2431 aucto-¹

156 2483 313 2580 ritatem,
345 2497 381 2554 at
412 2483 597 2582 imperium
635 2495 735 2556 tunm
768 2480 941 2556 accedere.
974 2483 1087 2575 Quod
1115 2498 1152 2556 ut

156 2606 279 2705 facias,
303 2621 339 2679 te
364 2609 468 2680 etiam
494 2622 598 2709 atque
624 2609 728 2681 etiam
748 2634 843 2707 rogo.
862 2608 1054 2709 Illudque⁵
1072 2608 1153 2681 mibi

157 2731 388 2830 gratissimum
413 2747 482 2833 cst,
513 2733 610 2837 quod
641 2734 691 2807 ita
721 2736 838 2808 sciunt
862 2736 1004 2808 Lucceii
1029 2759 1153 2835 procu·

155 2872 306 2958 ratores,
331 2875 367 2932 et
391 2861 440 2933 ita
464 2856 636 2936 Lucceius
659 2861 735 2961 ipse
761 2887 803 2933 ex
829 2859 943 2932 literis*
962 2859 1050 2960 tuis,
1072 2886 1152 2962 quas

156 2985 307 3059 adeum
331 2970 476 3085 misisti,
507 2983 695 3082 intellexit,
728 2985 881 3059 hominis
906 2984 1035 3058 nullius
1062 2985 1152 3087 apud

157 3124 192 3185 re
212 3113 467 3186 auctoritatem
499 3126 560 3187 aut
592 3115 738 3212 gratiam
769 3100 884 3187 ralere
914 3112 1020 3213 plus,
1051 3130 1150 3214 quam

155 3259 278 3310 meam.
305 3239 445 3350 131⁶¹¹i
477 3266 514 3312 re
548 3242 760 3341 experiatur,
795 3241 921 3311 iterum
956 3253 993 3310 et
1018 3240 1150 3339 saepius

157 3375 191 3433 te
216 3389 312 3461 rogo.
518 3338 528 3349 κ

573 3493 733 3566 CLXHI.
877 3531 1129 3594 (lausannam)

157 3667 375 3744 Argumentum.
397 3669 515 3728 Gratias
535 3672 597 3749 agit
617 3681 647 3730 et
668 3690 722 3730 suo
743 3679 773 3729 et
792 3667 931 3751 Pompeii
953 3674 1077 3730 nomine
1096 3686 1144 3752 pro

197 3769 324 3833 Culleoli
355 3795 427 3855 erga
457 3776 617 3836 Lucceium
639 3775 837 3855 benignitate:
869 3775 1074 3859 eumdemque
1100 3775 1143 3834 de-

197 3896 258 3936 nuo
279 3881 495 3942 commendat!
