2632 4852
166 322 214 431 98
487 339 657 388 errsroca
684 339 827 397 exuunt.
945 323 1023 389 aa.
1043 339 1141 396 essu„

165 443 394 538 necessariae,
427 454 544 514 tamen
578 467 597 512 a
629 466 685 513 me
718 440 853 526 minimi
883 437 1102 538 putubautur
1127 444 1166 511 in

164 568 250 640 meis
276 566 429 664 damnis,
454 592 496 642 ex
522 567 727 639 auctoritate
753 578 893 639 senatus
918 565 1108 651 sarciendis
1121 582 1165 664 ²⁰,

165 683 241 796 earn
274 692 512 791 voluntatem,
547 718 652 792 quam
686 691 945 803 exspectaram,
978 691 1166 790 praestite-

164 831 253 891 runt.
280 819 380 911 Quae
407 836 514 922 quum
540 817 692 906 viderem
728 817 987 917 (nequeenim
1014 818 1163 913 erant¹¹

165 942 311 1016 obscura
329 934 367 1042 l,
383 969 456 1017 uon
481 957 598 1018 tamen
623 958 696 1016 tam
722 941 846 1020 acerba
880 941 966 1013 mihi
991 935 1079 1013 baec
1105 967 1165 1013 ae·

164 1068 344 1166 uidebant,
370 1095 474 1170 quam
500 1082 599 1141 eraut
623 1067 680 1144 illa
708 1054 823 1167 grata,
840 1092 928 1168 quae
952 1058 1163 1167 fecerant32.

163 1196 285 1294 Itaque
311 1220 519 1295 quamquam
546 1209 581 1265 et
606 1195 777 1292 Pompeio
803 1172 1009 1292 plurimum,
1035 1205 1071 1263 te
1090 1183 1165 1292 qui-

165 1319 245 1394 dem
270 1322 348 1417 ipso
373 1320 613 1418 praedicatore
639 1346 680 1394 ae
697 1334 804 1416 teste,
822 1318 1009 1417 debebam,
1024 1332 1064 1393 et
1082 1343 1165 1399 eum

163 1469 235 1515 non
261 1444 372 1516 solum
398 1445 587 1544 beneficio,
611 1445 674 1519 sed
703 1467 820 1519 amore
846 1447 950 1524 etiam
977 1457 1013 1515 et
1038 1469 1165 1543 perpe-

163 1548 224 1642 tuo
251 1569 402 1670 quodam
435 1571 564 1643 iudicio
599 1596 678 1643 meo
715 1569 918 1669 diligebam:
944 1582 1062 1641 tamen
1087 1593 1162 1641 non
1197 1663 1199 1667 ‚

162 1690 345 1794 reputans,
369 1695 453 1797 quid
477 1695 534 1777 ille
560 1678 687 1794 vellet,
720 1697 756 1767 in
782 1677 955 1781 omnibus
969 1696 1057 1767 meis
1082 1721 1161 1773 sen*

164 1821 280 1896 tentiis
306 1812 349 1892 de
375 1847 411 1907 re
429 1822 570 1925 publica
587 1823 744 1922 pristinis
762 1820 1010 1923 permanebam
1024 1823 1064 1891 ²³.
1082 1823 1161 1920 Ego

162 1945 304 2024 sedente
323 1946 354 2014 ²4
387 1949 450 2022 Cn.
483 1950 654 2049 Pompeio
668 2004 677 2046 ,
708 1934 813 2051 qupm
827 2005 837 2046 ,
869 1963 909 2021 ut
938 1947 1099 2029 laudaret
1123 1948 1160 2023 P.

161 2069 315 2146 Sextium
340 2075 517 2153 introisset
534 2077 566 2124 ²⁵
591 2076 628 2146 in
654 2073 799 2171 urbem,
826 2073 1037 2173 dixissetque
1063 2074 1160 2154 testis

160 2195 339 2296 Vatinius,
363 2225 420 2270 me
445 2199 602 2299 fortuna,
631 2226 672 2279 ac
695 2198 861 2282 felicitate
879 2202 910 2249 ²⁶
937 2201 975 2272 C.
1001 2200 1159 2275 Caesaris

161 2335 377 2426 commotum
389 2380 400 2421 ,
432 2323 482 2402 illi
515 2327 668 2399 amicum
691 2351 780 2398 esse
805 2327 976 2440 coepisse:
1008 2323 1089 2396 (lixi
1105 2350 1159 2400 rna

160 2470 237 2517 eam
262 2442 378 2519 Bibuli
396 2465 425 2531 ²?
454 2448 651 2550 fortunam,
685 2468 789 2551 quarn
821 2451 879 2524 ille
904 2448 1069 2543 afflictam
1095 2477 1159 2551 pu.-

160 2582 271 2667 taret,
296 2574 452 2645 omnium
478 2575 685 2678 triumphis,
717 2576 939 2676 victoriisque
966 2575 1157 2647 antelbrre:

161 2693 299 2799 dixique
333 2699 457 2787 eodem
490 2715 595 2792 teste,
627 2700 695 2772 alio
721 2702 818 2799 lucc,
850 2700 993 2788 eosdem
1024 2727 1099 2774 esse
1118 2703 1158 2796 ²⁸,

108 2862 109 2865 ¹
160 2822 220 2920 qui,
251 2822 415 2911 Bibulum
452 2828 543 2905 exire
577 2827 682 2909 domo
715 2826 998 2926 prohibuissent,
1032 2839 1068 2898 et
1099 2828 1158 2928 qui

160 2972 216 3016 me
242 2951 444 3046 coegissent.
462 2954 554 3024 Tota
581 2978 664 3026 vero
691 2955 957 3050 iuterrogatio²9
975 2981 1054 3045 mea
1071 2951 1156 3034 nihil

129 3153 131 3158 Α
159 3069 296 3172 habuit,
330 3077 395 3147 'nisi
421 3079 726 3178 reprehensionem
751 3079 842 3154 illius
867 3079 1087 3157 tribunatus:
1119 3081 1156 3150 in

160 3204 228 3296 quo
247 3180 287 3250 ³⁰¹
304 3182 421 3274 omnia
448 3204 541 3275 dicta
568 3219 649 3276 sunt
680 3205 839 3285 libertate
869 3208 1066 3307 animoque·
1083 3232 1156 3277 mae

147 3309 268 3418 aime,
295 3325 338 3396 de
365 3330 417 3426 vi,
436 3328 486 3406 ,de
512 3332 690 3430 auspiciis,
708 3332 754 3411 de
779 3332 1013 3418 donatiane³¹
1037 3357 1157 3430 regnu

157 3471 241 3533 rum.
269 3450 390 3551 Neque
416 3480 499 3526 vero
526 3456 592 3527 hac
627 3459 663 3533 iu
696 3483 799 3530 causa
825 3457 1046 3563 modo,sed
1072 3483 1155 3530 con·

155 3585 287 3652 stanter
312 3605 416 3677 saepe
432 3583 461 3628 ³²
488 3583 523 3653 in
549 3598 679 3655 senatu.
699 3586 794 3678 Quin
811 3586 930 3680 etiam,
948 3584 1152 3664 Marcellino

58 3692 82 3784 '¹
156 3711 191 3766 et
215 3700 381 3803 Philippu
408 3708 624 3807 consulibus,
649 3711 760 3782 Nonis
786 3709 963 3808 Aprilibus
990 3710 1080 3782 mihi
1105 3723 1152 3782 est

155 3838 294 3896 senatus
313 3855 488 3929 assensuS,
505 3849 543 3904 ut
562 3836 605 3906 de
624 3861 705 3932 agro
724 3838 906 3933 Campano
921 3838 962 3932 ³3,
979 3836 1145 3937 frequenti
