2632 4852
253 281 324 354 226
582 298 750 351 rrrsrom
775 281 902 348 cixxrr.
1024 295 1055 343 n.
1074 297 1109 345 v.
1128 296 1158 343 r.
1176 311 1222 357 ,ω

657 525 836 600 CLXXII.
960 563 1019 622 (aa
1033 564 1088 610 oa.
1105 563 1161 623 vu,
1178 565 1223 620 ,5)

251 705 469 783 Argwnentum.
490 702 585 762 Suum
607 700 735 762 absentis
747 699 882 762 Trebatii
895 698 1078 760 desiderium
1099 697 1247 768 declarat,

290 822 319 868 et
340 808 377 869 de
398 809 429 868 C.
450 809 535 869 blatii
555 807 753 868 familiaritate
774 805 952 888 gratulatur.

542 986 597 1039 Sor.
615 986 710 1039 Romae
728 984 757 1036 Δ.
776 984 811 1035 V.
828 984 858 1036 C.
876 982 951 1036 DCC.

515 1155 680 1220 CICERO
715 1154 941 1220 TREBATIO
967 1163 977 1196 ¹

212 1368 215 1373 ·
300 1348 416 1438 Quam
440 1347 511 1418 sint
534 1343 664 1417 morosi
695 1343 755 1443 qui
786 1354 922 1440 amant,
945 1339 1003 1415 vel
1027 1366 1071 1413 ex
1095 1339 1167 1413 hoc
1190 1340 1243 1411 in-

250 1469 356 1567 telligi
387 1483 514 1569 potest.
547 1468 694 1543 Moleste
711 1483 727 1516 ²
759 1466 911 1540 ferebam
942 1479 1063 1564 antea,
1094 1477 1132 1537 te
1156 1464 1243 1537 invi·

250 1597 357 1668 tum³
381 1595 460 1668 istic
484 1620 559 1668 esse
571 1622 582 1694 3
610 1594 735 1694 pungit
757 1618 816 1666 me
839 1618 973 1690 narsus,
998 1589 1099 1692 quod
1122 1589 1244 1664 scribis

249 1745 324 1793 esse
348 1733 384 1792 te
409 1721 485 1795 istic
509 1719 666 1794 libenter.
696 1719 819 1822 Neque
842 1720 936 1792 enim
958 1742 1038 1790 mea
1063 1740 1242 1791 commen·

249 1843 418 1918 dationet
435 1859 470 1917 te
490 1869 565 1918 non
590 1843 756 1918 delectari
780 1843 879 1918 facile
903 1841 1080 1944 patiebar3
1096 1855 1135 1915 et
1150 1866 1241 1913 nunc

248 1994 378 2067 angor,
394 1971 581 2073 quicquam
598 1971 663 2043 tibi
679 1971 754 2044 sine
775 1996 831 2043 me
855 1995 930 2044 esse
953 1965 1156 2041 iucundum.
1174 1965 1240 2038 Sed

246 2093 316 2168 hoc
340 2109 458 2168 tamen
482 2095 575 2170 malo
587 2098 614 2194 ⁵,
630 2096 718 2169 ferre
742 2120 808 2169 nos
834 2094 1058 2194 desiderium,
1082 2119 1189 2196 qum
1206 2104 1240 2164 te

246 2245 320 2293 non
345 2245 407 2321 ea,
440 2247 529 2322 quae
561 2247 683 2321 spero,
715 2221 891 2323 consequi.
917 2220 1071 2313 Quum⁶
1095 2219 1240 2294 veroin

246 2346 284 2417 C.
315 2346 432 2444 Mani,
470 2347 664 2421 suavissimi
697 2346 957 2447 doctissimique
987 2345 1162 2444 hominis,
1191 2345 1239 2417 la·

244 2468 480 2542 miliaritatem
505 2473 648 2570 venisti,
672 2496 746 2546 non
770 2472 840 2544 dici
863 2484 982 2571 potest
1006 2497 1114 2573 qrram
1138 2469 1239 2544 valde

245 2593 433 2690 gaudeam:
470 2598 530 2696 qui
561 2597 615 2669 sae
646 2610 686 2670 ut
717 2611 753 2670 te
786 2623 891 2698 quam
926 2598 1076 2670 maxime
1109 2596 1237 2694 diligat

244 2717 332 2789 Mihi
358 2719 481 2818 crede,
512 2720 598 2792 nihil
623 2747 665 2793 ex
691 2723 756 2794 ista
781 2723 963 2821 provincia
987 2734 1113 2821 potes,
1145 2720 1239 2824 quod

243 2841 426 2917 iucundius
452 2845 512 2943 sit,
539 2846 731 2946 deportare.
757 2849 866 2946 Cura,
890 2861 930 2919 ut
954 2846 1080 2921 valeas.

632 3091 829 3165 CLXXIII.
986 3133 1214 3191 (adoravitis)

242 3257 460 3338 Argumentum.
485 3286 496 3325 1
520 3265 640 3327 Laudat
669 3270 866 3329 constantiam
893 3267 1047 3341 Trebatii,
1076 3269 1111 3329 in
1141 3268 1235 3353 perle-

277 3367 371 3428 renda
391 3370 505 3432 militia.
526 3391 544 3431 2
565 3373 686 3434 locatur
705 3377 736 3435 in
757 3377 820 3435 eins
839 3376 1042 3457 parsimonia,
1071 3378 1146 3457 quia
1166 3376 1232 3436 sori·

252 3484 378 3551 ,pserat
404 3478 437 3536 in
466 3477 668 3561 palimpsesto.
697 3481 716 3542 3
742 3482 781 3542 Se
802 3503 871 3542 eum
891 3479 986 3542 Balbo
1006 3458 1231 3543 commendatu-

276 3598 345 3640 rum
366 3582 483 3657 scribit,
500 3596 530 3647 et
549 3606 650 3648 mense
663 3589 758 3671 Aprili
770 3589 869 3649 Roma
881 3588 1038 3647 afuturum
1050 3611 1059 3663 ;
1072 3589 1095 3665 4
1109 3589 1230 3670 denique

276 3705 307 3743 se
337 3690 492 3769 epistolam
518 3693 674 3766 Trebatii,
706 3708 739 3756 ut
767 3695 960 3756 mandaverat
979 3696 1174 3757 ¹conscidisse
1193 3695 1226 3754 si·

276 3792 405 3868 gnificat.
