2632 4852
178 349 244 443 134
515 370 684 418 ammoni
710 371 821 418 cxcix.
943 366 974 417 Α.
992 371 1019 417 c.
1039 373 1074 420 v.
1091 373 1142 424 ose

172 472 429 548 commendatio
454 472 619 572 ponderis
644 471 795 544 haberet.
823 473 944 571 Itaque
969 472 1008 544 in
1034 475 1164 549 intimis

171 612 225 672 est
249 599 351 697 meis,
384 623 491 699 quum
524 612 626 671 antea
657 611 761 670 notus
794 623 868 671 non
899 595 1029 672 fuisset.
1061 599 1163 675 Nune

170 750 313 824 pergam
338 720 384 794 ad
410 736 532 794 cetera.

219 876 241 922 2
266 848 402 946 Varro,
427 847 470 920 de
495 873 565 949 quo
591 846 718 921 adme
743 846 881 946 scribis,
905 845 1107 922 includetur
1125 852 1163 923 in

162 973 320 1074 ¹aliquem
343 967 461 1059 locu'm
477 972 511 1073 4,
544 974 575 1045 si
607 971 716 1045 modo
749 973 815 1045 erit
841 971 948 1046 locus.
973 973 1045 1046 Sed
1069 977 1162 1047 nosti

169 1126 276 1199 genus
303 1097 520 1197 dialogorum
543 1123 716 1172 meorum:
733 1098 799 1169 ut⁵
816 1098 853 1169 in
876 1100 1055 1199 oratoriis,
1073 1126 1160 1200 quos

169 1239 208 1298 tu
232 1226 270 1298 in
296 1223 428 1296 caelum
453 1223 541 1322 fers,
571 1247 644 1296 non
668 1223 800 1294 mentio
825 1223 976 1323 potuit6
1000 1225 1077 1296 fieri
1103 1252 1160 1296 cu-

168 1351 327 1451 iusquam
353 1349 396 1422 ab
422 1349 480 1447 iis,
506 1349 565 1448 qui
591 1347 787 1449 disputant,
811 1350 877 1421 nisi
902 1349 992 1448 eius,
1009 1351 1070 1450 qui
1096 1349 1159 1422 illis

168 1490 291 1573 notus,
315 1487 375 1546 aut
400 1473 537 1546 auditus
564 1487 663 1547 esset.
696 1475 797 1546 Hanc
823 1501 887 1573 ego
913 1474 957 1546 de
982 1500 1020 1547 re
1044 1475 1158 1575 publi-

169 1627 226 1698 ca,
251 1625 356 1700 quam
380 1600 531 1698 institui,
556 1598 828 1698 disputationem
853 1601 890 1670 in
915 1598 1070 1672 Africani
1086 1627 1160 1700 per-

167 1750 308 1822 sonam,
331 1738 367 1796 et
391 1723 484 1796 Phili
501 1743 526 1821 ⁷,
557 1738 593 1797 et
624 1724 750 1822 Laelii,
783 1736 819 1796 et
852 1724 986 1797 Manilii
1018 1725 1157 1797 contuli.

166 1850 318 1923 Adiunxi
356 1848 619 1948 adolescentes,
652 1851 695 1941 Q.
722 1848 960 1948 Tuberonem,
993 1851 1033 1923 P.
1062 1852 1157 1922 Ruti·

164 1975 267 2074 lium,
292 1972 396 2046 duo⁸
420 1973 529 2047 Laelii
555 1998 719 2072 generos,
751 1974 975 2073 Scaevolam,
1005 1988 1042 2047 ct
1066 1976 1155 2047 Fan-

165 2101 272 2172 nium.
297 2101 420 2198 Itaque
445 2098 662 2198 cogitabam,
696 2100 861 2198 quoniam
889 2101 928 2171 in
952 2099 1096 2198 singulis
1121 2100 1156 2171 li-

162 2222 235 2297 bris
260 2238 341 2298 utor
365 2225 570 2325 prooemiis,
601 2238 642 2296 ut
672 2224 875 2298 Aristotcles
894 2225 948 2297 2in
972 2225 1038 2324 iis,
1070 2251 1155 2327 'quos

162 2352 351 2451 igorepno'be
383 2363 508 2448 vocat,
545 2347 675 2449 aliquid
711 2349 867 2449 efficere,
902 2363 943 2422 ut
976 2375 1053 2424 non
1088 2354 1155 2424 sinc

165 2499 268 2546 causa
293 2473 434 2547 istums
458 2473 686 2575 appellarem:
722 2473 760 2547 id
792 2475 889 2576 quod
914 2475 1072 2574 intelligo
1097 2477 1157 2548 tibi

163 2598 310 2698 placere.
346 2600 491 2674 Vtinam
526 2599 633 2673 modo
672 2615 798 2673 conata
835 2601 970 2678 efficere
1006 2603 1158 2702 possim!

160 2721 249 2796 Rem
273 2723 383 2822 enim,
408 2722 503 2824 quod
529 2739 563 2796 tc
587 2750 660 2797 non
686 2724 789 2824 fugit,
813 2751 976 2824 magnam
1003 2727 1154 2828 comple·

162 2871 226 2922 xus
258 2875 335 2921 sum
367 2864 402 2922 et
435 2876 598 2949 gravem,
633 2863 669 2922 et
705 2840 847 2950 plurimi
879 2853 962 2950 otii,
995 2879 1070 2953 quo
1095 2878 1156 2952 ego

159 2974 310 3048 maxime
335 3000 428 3074 egeo.
456 2975 564 3067 Quod
587 2976 624 3046 in
650 2974 691 3046 iis
716 2974 815 3048 libris
834 2992 875 3074 ¹⁰,
900 2999 989 3076 quos
1015 2976 1156 3078 laudas,

158 3122 345 3199 personam
371 3100 547 3174 desideras
573 3100 784 3201 Scaevolae,
815 3125 888 3174 non
922 3127 1001 3174 eam
1027 3117 1155 3176 temere

158 3222 309 3299 dimovi:
335 3227 397 3299 sed
421 3227 486 3299 leci
511 3224 622 3324 idem,
648 3226 745 3327 quod
761 3227 806 3298 »in
831 3232 965 3297 πολιτεία
990 3228 1078 3302 deus
1101 3227 1156 3299 ille

157 3364 277 3423 noster
300 3351 411 3425 Plato.
445 3354 562 3444 Quum
587 3352 624 3424 in
649 3353 832 3426 Piraeeum
851 3368 879 3403 ¹¹
908 3352 1072 3427 Socrates
1097 3378 1154 3428 vc-

156 3474 265 3548 nissct
289 3475 335 3549 ad
360 3477 577 3578 Cephalum,
607 3477 819 3579 locupletem
852 3492 889 3551 et
913 3478 1079 3554 festivum
1104 3503 1153 3552 se-

155 3623 257 3673 nem:
290 3602 407 3703 quoad
438 3605 571 3705 primus
596 3604 653 3678 ille
678 3630 792 3680 sermo
817 3603 1025 3704 haberetur,
1058 3605 1153 3679 adest

156 3723 195 3794 in
221 3724 431 3825 disputando
458 3755 562 3802 senex
574 3759 584 3829 3
622 3730 748 3804 deinde
779 3758 886 3832 quum
911 3732 987 3830 ipse
1014 3754 1151 3833 quoque

157 3851 435 3932 commodissime
459 3855 596 3931 locutus
622 3872 729 3958 esset,
747 3858 793 3932 ad
819 3884 893 3932 rem
921 3857 1079 3934 divinam
1104 3856 1148 3928 di·
