2632 4852
487 366 674 423 ,rrrsront
701 367 799 413 cxcv.
941 361 1018 410 nv.
1038 365 1066 409 c.
1085 363 1135 424 699

311 563 365 617 Sca.
382 563 476 614 Romae
495 563 524 614 Δ.
541 563 576 616 V.
594 564 623 616 C.
644 519 787 633 ccxcix,
806 578 891 613 mense
908 560 1007 613 Sextili.

383 761 427 825 n
451 759 594 824 cremo
620 715 874 864 rmssirros..
895 758 934 822 o.

216 994 228 1040 1
258 957 342 1064 Le'gi
367 977 444 1036 tuus
469 962 601 1060 literas,
626 988 668 1034 ex
688 960 813 1062 quibus
830 961 1001 1067 intellexi,
1018 978 1053 1036 te
1072 967 1156 1038 Cae·

161 1094 228 1164 sari
253 1105 374 1165 nostro
397 1088 499 1162 valde
515 1068 814 1162 iureconsultum¹
834 1088 953 1184 videri.
972 1091 1040 1162 Est
1057 1091 1155 1192 quod

161 1216 333 1314 gaudeas,
356 1230 392 1321 to
415 1216 453 1288 iu
476 1216 543 1288 ista
566 1214 646 1288 loca
669 1215 827 1313 venisse,
855 1213 916 1288 ubi
940 1213 1077 1316 aliquid
1102 1242 1154 1288 sa»

160 1368 244 1441 pere
280 1340 397 1414 videre
418 1356 443 1410 ².
478 1339 587 1434 Quod
618 1341 648 1412 si
683 1340 721 1411 in
757 1341 975 1413 Britanniam
1013 1365 1154 1442 quoque

159 1466 336 1565 profectus
361 1492 473 1566 esses3
505 1465 663 1565 profecto
694 1489 798 1538 nemo
829 1467 868 1539 iu
892 1465 950 1538 illa
975 1480 1077 1539 tanta
1102 1470 1153 1540 in-

159 1590 234 1664 sula
258 1592 402 1690 peritior
426 1603 461 1662 te
492 1589 621 1662 fuisset
645 1591 908 1663 Verumtamen
930 1592 1154 1688 (rideamus,

159 1714 261 1787 licet:
286 1742 363 1788 sum
388 1716 481 1787 enim
496 1726 526 1787 'a
550 1729 585 1787 to
610 1717 806 1806 invitatus)
837 1715 1048 1791 subinvideo
1074 1717 1153 1813 tihi,

159 1841 252 1916 ultro
277 1855 313 1914 te
337 1843 443 1914 etiam
468 1842 701 1914 arcessitum3
727 1841 771 1913 ab
797 1866 861 1941 eo,
894 1841 941 1914 ad
966 1854 1073 1944 quem
1099 1869 1152 1914 ce·

160 1967 244 2064 teri,
279 1991 352 2038 nou
389 1979 533 2066 propter
570 1965 768 2064 superbiam
793 1967 887 2064 eius,
918 1967 981 2040 sed
1005 1982 1152 2067 propter

158 2094 427 2192 occupationem
460 2093 637 2191 adspirare
670 2117 741 2165 non
769 2106 930 2191 possunt.
956 2091 1028 2165 Sed
1052 2107 1095 2165 tu
1117 2095 1152 2164 in

159 2219 236 2290 ista
250 2219 398 2318 epistola
434 2217 521 2290 nihil
557 2218 645 2289 mihi
673 2218 840 2318 scripsisti
867 2217 911 2290 de
935 2219 1004 2290 tuis
1029 2217 1152 2291 rebus:

159 2371 248 2445 quac
282 2344 480 2438 mehercule
512 2344 597 2418 mibi
628 2343 735 2418 nonl
761 2345 884 2416 minori
917 2369 1022 2416 curae
1051 2358 1152 2442 sunt,

159 2494 265 2568 quam
288 2494 395 2541 meae.
421 2467 535 2540 Valde
559 2482 695 2569 metuo,
722 2494 768 2540 ne
792 2469 947 2569 fiigeas⁶
971 2470 1012 2541 in
1036 2468 1154 2555 hiber-1

158 2594 222 2664 nis.
247 2593 485 2684 Quamobrem
510 2586 646 2667 camino
672 2594 850 2675 luculento
878 2595 1050 2674 utendum
1077 2574 1151 2669 cen·

158 2742 228 2788 seo.
253 2718 351 2792 Idem
375 2721 494 2792 Mucio
520 2735 555 2794 et
580 2721 758 2794 ΜῡιιιίΙίο6
783 2720 961 2820 placebat:
996 2747 1151 2820 praeser-

157 2841 223 2914 tim
257 2845 317 2944 qui
352 2847 442 2943 sagis
477 2872 549 2920 non
585 2846 791 2919 abundares.
828 2848 1054 2947 Quamquam
1091 2869 1150 2919 vos

157 2991 251 3039 nunc
267 2969 345 3041 istic
368 2971 451 3043 satis
476 2971 588 3044 calere
613 2970 727 3044 audio.
753 2972 835 3064 Quo
859 2971 1002 3072 quidem
1026 2972 1149 3043 nuntio

157 3095 259 3167 valde
291 3097 488 3170 mehercule
521 3098 565 3170 de
599 3112 635 3170 te
664 3097 860 3172 timueram.
893 3096 964 3169 Sed
988 3111 1029 3170 tu
1055 3100 1093 3171 in
1115 3120 1149 3171 re

156 3219 296 3292 militari
313 3223 424 3295 multo
442 3250 477 3295 es
495 3225 638 3322 cautior,
654 3249 760 3323 quam
776 3225 815 3295 in
831 3222 1150 3316 advocationibus⁷5

156 3346 216 3444 qui
239 3372 353 3448 neque
377 3350 414 3420 in
440 3350 582 3422 Oceano
607 3363 728 3423 natare
752 3348 917 3446 volueris,
937 3347 1149 3420 studiosissi-

154 3496 232 3542 mus
265 3471 372 3545 homo
404 3474 570 3572 natandi,
598 3500 712 3575 neque
744 3487 902 3575 spectare
935 3472 1149 3567 essedarios,

156 3622 260 3694 quem
291 3612 394 3672 antea
426 3625 471 3672 ne
495 3599 748 3673 Andabaum⁸
773 3599 916 3701 quidem
941 3596 1148 3672 defraudare

156 3734 366 3817 poteramus.
647 3750 649 3755 ’

207 3874 228 3918 2
254 3849 324 3922 Sed
354 3853 423 3923 iam
456 3830 538 3925 satis
569 3854 673 3925 iocati
707 3879 833 3926 sumus.
866 3852 943 3948 Ego
970 3849 1017 3922 de
1044 3862 1081 3922 tc
1104 3843 1145 3922 ad
