2632 4852
242 315 314 391 360
602 323 872 375 asnorsrronss

280 437 356 517 tigit.
377 431 409 489 st
429 448 529 488 sermo
549 438 626 488 esset
644 427 683 488 de
702 427 737 486 P.
758 426 874 496 Sextio,
892 445 951 506 pro
971 445 1034 506 quo
1054 435 1157 487 exstat
1177 446 1243 486 ora-
1299 494 1301 498 ¹

279 545 339 611 tio,
363 558 426 597 non
452 535 550 595 solum
574 555 697 594 nomem
714 532 937 614 sanribim'ssimi
959 534 1045 604 eius,
1072 531 1128 592 sed
1152 535 1243 593 etiam

282 649 416 718 crimem-
445 642 591 700 nimimm
616 640 655 700 de
684 643 733 710 vi,
758 659 939 720 cognoscere
963 638 1053 699 nobis
1078 639 1184 699 liceret
1211 659 1244 698 ex

283 748 471 813 orationibus
483 768 541 830 pro
554 747 665 818 Sextio,
678 749 754 807 etin
763 747 932 817 Vatinium,
944 757 976 806 et
988 767 1023 806 ex
1036 767 1087 828 ep.
1098 746 1214 818 XCIX,
1227 747 1245 805 3

283 870 315 920 et
332 857 362 918 5.

245 989 263 1046 7
285 966 337 1026 Sic
355 962 426 1022 libri
446 963 550 1042 scripti
569 971 600 1021 et
619 963 733 1033 excusi,
747 971 779 1020 et
791 961 900 1019 crinem
912 981 930 1019 e
943 959 1044 1040 glossa
1056 957 1179 1019 fluxisse
1192 980 1246 1040 pu-

284 1082 350 1132 tant
370 1067 566 1137 Gebbardus,
586 1067 702 1126 Manut.
722 1066 796 1125 Em.
816 1077 848 1126 et
867 1065 1035 1126 Sebiitzius.
1061 1067 1151 1142 Quos
1171 1067 1248 1124 inter

285 1177 439 1236 Manutius
465 1176 533 1233 voci
560 1175 670 1232 cn'erren
700 1167 732 1223 τό
758 1193 866 1232 nomen
889 1171 1064 1243 substituit,
1089 1172 1248 1231 Ernestius

285 1302 392 1342 rocem
412 1280 520 1339 curren
539 1282 624 1338 uncis
641 1279 774 1350 inclusit,
794 1278 905 1338 Schiitz
924 1278 1045 1338 delevit.
1065 1278 1251 1359 Intelligitur

286 1398 387 1446 autem
402 1386 575 1468 penrulum.
594 1384 666 1444 Mox
686 1385 840 1444 Manutius
867 1396 897 1445 et
918 1383 1025 1444 Lamb.
1045 1404 1142 1464 quam
1166 1386 1253 1466 potui

285 1493 510 1552 accuratissime.
684 1561 688 1569 ¹

248 1599 269 1660 8
289 1598 367 1658 Sunt
385 1597 529 1679 quidam,
549 1601 602 1678 qui
624 1597 756 1658 reditum
776 1597 817 1656 ab
830 1598 934 1657 exsilio
948 1595 1116 1678 significari
1129 1608 1251 1678 putent:

288 1714 497 1766 verumtamen
520 1702 594 1762 huie
619 1705 784 1764 sententiae
809 1703 910 1764 obstat
933 1704 1008 1775 hoc,
1035 1703 1126 1784 quod
1147 1704 1252 1764 Cicero

288 1811 392 1895 paullo
411 1821 480 1870 ante
499 1810 552 1869 illa
571 1822 703 1892 tempora
718 1813 821 1892 priora
840 1811 991 1892 appellat,
1014 1813 1185 1892 posteriora
1204 1831 1252 1870 ex-

290 1919 356 1978 silio
376 1918 468 1978 Sextii
488 1918 628 1998 assignat
648 1916 820 1998 Intelligere
839 1937 914 1998 ergo
933 1916 1055 1977 videtur
1082 1917 1219 1978 reditum
1238 1938 1254 1976 e

289 2027 456 2108 provincia.
481 2023 600 2083 Schitrz.
630 2023 711 2083 Huic
740 2044 815 2083 vero
845 2027 1008 2084 sententiae
1041 2002 1147 2084 obstat
1178 2023 1255 2094 hoc,

291 2131 375 2213 quod
395 2131 501 2191 Cioero
521 2151 538 2190 e
556 2130 661 2190 Cilicia
679 2131 838 2211 provincia
857 2130 975 2191 rediens
994 2129 1110 2190 urbem
1130 2151 1195 2190 non
1214 2140 1256 2190 est

291 2243 457 2320 ingressus,
474 2248 582 2319 utpote
606 2239 659 2318 qui
686 2236 877 2318 triumphum
903 2237 943 2297 ad
969 2249 1076 2318 portas
1102 2249 1255 2320 exspecta-

292 2348 351 2420 vit3
364 2356 395 2405 et
406 2344 488 2404 bello
502 2344 583 2404 civili
603 2346 743 2426 incoepto
762 2346 795 2402 in
815 2343 1014 2425 Campaniam
1035 2366 1108 2403 eum
1130 2346 1255 2426 imperio

292 2455 400 2512 missus
420 2462 466 2511 est
485 2453 570 2532 (epp.
592 2448 698 2522 CCCI,
711 2471 729 2508 2
743 2471 828 2531 seqq.
848 2461 879 2510 et
899 2449 1037 2530 CCClll)
1058 2462 1146 2523 ante,
1168 2471 1255 2532 quam

292 2556 401 2616 urbem
421 2557 537 2636 ingredi
557 2559 711 2638 potuisset.
732 2556 836 2616 Restat
858 2575 948 2636 ergo,
967 2567 1003 2616 ut
1023 2577 1097 2616 cum
1121 2557 1255 2616 Manutio

223 2746 228 2751 ,
293 2662 495 2743 intelligamus
516 2663 554 2723 de
574 2663 705 2722 adventu
726 2663 829 2744 paullo
849 2673 920 2745 post
939 2661 1184 2722 Alexandrinum
1195 2662 1254 2722 bel-

292 2771 355 2829 lum
370 2791 389 2828 a
402 2768 527 2830 Caesare
547 2769 716 2829 confectum
739 2771 800 2851 (ep.
822 2769 1016 2847 CDXXXl),
1037 2790 1104 2849 quo
1122 2781 1254 2851 tempore

294 2878 415 2948 Cicero,
435 2879 488 2957 qui
508 2877 561 2936 diu
580 2875 731 2935 Brundisii
752 2878 902 2948 iacuerat,
922 2879 954 2935 iu
973 2875 1087 2936 urbem
1110 2878 1211 2938 rediit.

251 3005 274 3064 9
292 2982 371 3042 Edd.
391 2983 473 3044 Med.
494 2984 636 3055 etHerv.
658 2983 743 3043 nulla
761 2985 791 3042 in
811 3004 852 3044 re.

259 3112 293 3149 io
315 3091 376 3150 Scil
403 3102 529 3173 propter
554 3089 659 3149 odium
684 3111 719 3149 ex
749 3092 873 3150 caritate
900 3109 1038 3150 annonae
1066 3093 1254 3150 concitatum.

293 3197 425 3259 Videtur
447 3197 564 3257 Sextius
585 3197 689 3256 aedilis
710 3197 812 3259 fuisse.

259 3325 288 3363 rr
314 3304 412 3376 Filio,
432 3304 470 3363 de
490 3324 552 3384 quo
573 3315 686 3385 postea.
712 3303 832 3362 Sobiitz.

260 3430 293 3468 12
315 3409 488 3482 Hominem,
508 3409 621 3469 scilicet
641 3412 693 3491 qui
713 3431 887 3470 communes
902 3412 1095 3490 incertosque
1109 3431 1197 3470 casus
1209 3428 1256 3467 nee

296 3518 392 3575 vitare
411 3538 467 3576 nec
480 3527 633 3597 praestare
647 3519 755 3597 possit,
769 3527 814 3588 et,
834 3527 869 3576 ut
886 3517 929 3575 ait
947 3536 994 3596 ep.
1009 3516 1195 3578 DCCCLVl
1208 3517 1255 3582 in,

295 3643 332 3680 ea
356 3623 416 3701 lege
442 3635 544 3682 natum
555 3667 566 3696 ,
586 3636 617 3681 ut
643 3625 776 3683 ominibus
803 3624 865 3682 telis
881 3621 1026 3701 firrtunae
1055 3625 1210 3703 proposita
1226 3622 1256 3677 sit

297 3731 354 3788 rita
373 3731 451 3801 eius3
471 3731 561 3789 vinem
582 3740 704 3802 autem,
725 3731 778 3811 qui
799 3729 917 3789 fortiter
938 3727 1037 3788 dolori
1067 3751 1104 3788 ao
1125 3730 1254 3789 fortunae

297 3837 434 3908 resistat,
455 3847 485 3896 et
504 3836 653 3897 humanos
675 3858 760 3896 casus
779 3838 894 3896 virtute
913 3835 1071 3895 inferiores
1099 3847 1195 3916 putet.
1215 3829 1252 3889 Cf·

299 3963 345 4023 ep.
367 3943 562 4021 DXXXVll3
585 3948 680 4006 Amic.
702 3968 727 4005 o.
750 3966 783 4022 23
804 3955 833 4004 et
855 3943 924 4004 Sall.
946 3943 1011 4002 Cat.
1033 3931 1059 4002 e.
1080 3943 1130 4019 44.
