2632 4852
167 313 238 405 224
521 332 692 383 arrsrona
718 334 829 382 ccxxi.
943 334 975 383 Α.
990 337 1074 411 unc.
1092 351 1139 412 5⁰?

162 436 249 511 blibi
273 433 490 536 perturbatio
515 435 621 507 animi
648 435 715 533 tui,
739 461 844 535 quam
869 435 992 534 primis
1018 435 1161 511 literis³

162 560 433 664 perspiciebam‚
458 558 654 633 molestiam
678 559 802 635 attulit
840 559 965 662 Neque
996 560 1066 635 alia
1091 539 1168 637 ulla*

162 685 253 761 mitt
279 712 382 760 causa
398 683 662 758 intermissionis
679 683 905 785 epistolarum
917 687 944 786 ⁵,
959 686 1029 759 nisi
1049 687 1161 788 quod,

161 812 222 885 ubi
247 838 356 911 esses,
379 809 484 912 plane
508 808 716 883 nesciebam
741 809 810 883 Hic
834 824 874 883 tu
899 836 957 884 me
981 812 1090 887 etiam
1106 814 1159 886 in·

161 937 320 1038 simulas,
344 962 410 1013 nec
435 934 707 1010 satisfactionem
738 962 853 1010 meam
880 936 1022 1039 accipis.
1048 939 1160 1038 Audi,

159 1064 268 1141 Testa
292 1063 340 1136 mi
357 1065 382 1134 ⁶.
407 1062 536 1135 Vtrum
560 1061 799 1163 superbiorem
824 1074 860 1134 te
884 1063 1037 1163 pecunia
1061 1063 1158 1164 facit,

160 1215 208 1265 au
239 1187 335 1290 quod
370 1200 405 1259 tc
440 1187 631 1292 imperator
662 1185 864 1261 consultata
898 1187 1049 1288 Moriar,
1080 1191 1158 1263 ni⁸

160 1325 279 1417 (quae
309 1327 369 1386 tua
401 1311 508 1412 gloria
540 1323 621 1404 est)
645 1327 733 1414 puto
767 1327 803 1386 te
835 1311 938 1387 malle
962 1340 989 1386 a·
1009 1316 1157 1388 Caesare

160 1439 313 1539 consuli,
338 1465 443 1542 quam
467 1439 618 1512 inaurari
635 1456 660 1510 a,
693 1438 729 1511 Si
761 1464 845 1512 vero
870 1453 1061 1541 utrumque
1085 1455 1157 1514 est:

161 1568 238 1670 quis
262 1580 298 1639 te
323 1564 427 1664 feret,
457 1578 597 1666 praeter
627 1589 702 1665 me,
733 1565 937 1666 qui-omnia
961 1564 1053 1638 ferre
1077 1592 1157 1666 pos·

84 1726 89 1743 .
160 1692 263 1767 sumi
302 1690 369 1763 Sed
400 1703 441 1763 ut
474 1689 521 1764 ad
552 1716 626 1764 rem
655 1689 812 1792 redeam,
842 1704 877 1766 te
902 1691 982 1763 istic
1007 1690 1156 1766 invitum

159 1843 234 1892 raon
258 1841 353 1917 esse,
384 1815 611 1892 vehementer
641 1813 793 1916 gaudeo5
824 1830 877 1915 et,
904 1828 946 1891 ut
968 1814 1061 1891 illud
1083 1832 1154 1891 erat

159 1941 363 2040 molestum,
388 1942 437 2015 sic
462 1941 531 2015 boc
556 1956 610 2015 est
633 1941 824 2015 iucundum
840 1958 879 2015 ¹⁰.
905 1942 1064 2019 Tantum
1087 1970 1156 2018 me·

160 2082 241 2168 tuo,
258 2094 303 2140 ne
320 2068 503 2141 artificium
519 2080 619 2143 tuum
634 2083 661 2122 ¹¹
682 2067 746 2144 tibi
769 2093 893 2168 parum
909 2069 1034 2168 prosit
1050 2069 1155 2167 Nam,

161 2208 201 2266 ut
226 2192 354 2292 audio,
379 2193 458 2266 istiu
500 2276 502 2280 ¹

238 2388 307 2446 Non
326 2407 361 2447 ex
381 2389 446 2446 iure
466 2408 558 2448 mauu
578 2398 749 2449 consertum
767 2403 805 2459 ¹²,
826 2387 880 2448 sed
898 2408 986 2469 mage
1007 2390 1090 2452 ferro

239 2491 316 2551 Rem
337 2503 485 2573 repetunt.

159 2686 208 2761 Et
232 2697 270 2760 tu
295 2685 386 2758 soles
412 2686 457 2760 ad
482 2689 553 2760 vim
577 2687 774 2762 facundiam
799 2687 1028 2787 adhibere¹³5
1044 2713 1152 2789 neque

159 2822 229 2908 est,
254 2810 349 2911 quod
373 2811 468 2885 illam
494 2816 737 2914 exceptionem
751 2814 782 2881 ¹4
804 2815 842 2887 in
865 2812 1059 2888 interdicto
1083 2840 1153 2914 per-

159 2936 335 3010 timescas:
367 2964 464 3024 Qvoo
498 2967 546 3013 rv
573 2965 680 3014 aaron
705 2968 744 3015 vr
772 2965 971 3014 noururavs
999 2963 1151 3014 annuns

158 3087 307 3135 vaurms
327 3064 365 3134 ¹⁵.
399 3065 480 3137 Scio
507 3066 624 3165 euim,
649 3079 683 3138 te
708 3091 781 3138 non
806 3090 881 3138 esse
905 3090 1096 3165 procacem
1119 3066 1152 3136 in

157 3184 369 3264 lacessendo.
396 3188 466 3262 Sed
472 3246 483 3289 7
507 3205 548 3266 ut
573 3217 637 3290 ego
663 3217 801 3294 quoque
826 3204 862 3263 te
887 3189 1024 3292 aliquid
1041 3191 1152 3265 admo-

157 3335 261 3383 neam
294 3313 339 3385 de
374 3315 503 3387 nostris
541 3317 760 3389 cautionibus
780 3319 830 3389 ¹⁶:
866 3316 1037 3391 Treviros
1069 3318 1151 3392 vites

158 3462 293 3511 censeo.
317 3438 433 3513 Audio
459 3441 624 3542 capitales
650 3468 724 3517 esse
740 3459 779 3515 ¹⁷.
805 3440 950 3515 Mallem
975 3469 1081 3543 auro,
1102 3468 1151 3514 ae

62 3643 72 3672 s
156 3587 209 3660 re,
234 3577 378 3663 argento
393 3567 425 3619 ¹⁸
448 3584 572 3642 essent.
599 3569 670 3642 Sed
694 3568 776 3642 alias
801 3568 1009 3644 iocabimur.
1033 3571 1087 3644 Tu
1109 3567 1151 3640 ad

129 3710 140 3771 f
157 3712 212 3758 me
238 3687 282 3760 de
307 3689 381 3764 istis
413 3692 515 3775 rebus
552 3695 713 3768 omnibus
751 3694 881 3768 scribas
918 3695 1026 3770 velim
1053 3720 1148 3797 quam

158 3809 424 3910 diligentissime.
450 3821 487 3892 A.
515 3821 547 3892 d.
574 3821 643 3894 IIII
668 3821 757 3894 Non.
783 3821 939 3898 Martias.
1037 3843 1038 3846 ’
