2632 4852
160 327 208 423 94
487 343 656 395 crrsrouu
681 347 826 393 cxcvur.
938 344 1017 394 nv.
1035 347 1064 393 c.
1082 344 1133 412 699

159 447 342 526 ostendam
374 445 569 546 equidem4
601 446 721 546 paullo
754 459 858 546 post,
888 445 949 547 qui
966 445 1028 519 'sit
1058 472 1157 519 meus

158 601 278 649 sensus
303 588 339 646 et
363 585 493 671 status,
530 587 566 645 et
597 571 785 645 rescribam
817 571 881 660 tibi
910 570 957 648 ad
982 597 1043 673 ea,
1068 600 1157 677 quae

158 700 312 802 quaeris,
336 698 400 772 sed
423 711 516 772 certe
547 711 584 771 et
614 723 680 796 ego
712 711 748 775 te
774 711 917 776 auctore
942 698 1157 775 amicissimo

157 837 194 899 ct
217 824 490 926 sapientissimo,
524 835 560 896 et
596 836 636 896 tu
668 848 725 897 me
758 823 973 924 consiliario,
1009 825 1158 900 fortasse

156 978 230 1026 nou
254 951 529 1052 imperitissimo,
554 949 648 1024 fideli
673 950 815 1054 quidem
841 964 877 1027 et
900 949 1069 1024 benivolo
1086 977 1158 1023 cer·

158 1092 212 1177 tc,
235 1104 317 1149 usus
343 1101 454 1175 esses,
486 1102 697 1178 quamquam
729 1090 790 1150 tua
823 1076 969 1187 qrridenr
991 1103 1097 1151 causa
1121 1091 1157 1151 ta

157 1229 231 1276 esse
256 1205 520 1303 imperatorem,
544 1203 831 1304 provinciamque
856 1202 946 1275 bene
972 1203 1076 1301 gestis
1100 1229 1156 1277 re-

157 1328 223 1401 bus
250 1355 331 1401 cum
356 1329 507 1400 exercitu
534 1328 670 1401 victore
698 1327 870 1427 obtinere,
885 1341 926 1400 ut
943 1326 1074 1427 debeo,
1089 1327 1158 1401 lae·

157 1469 214 1526 tor
220 1482 230 1553 3
246 1494 296 1512 ·-
313 1453 375 1526 sod
400 1469 493 1527 certe
519 1455 578 1555 qui
603 1453 667 1527 tibi
684 1480 726 1526 ex
743 1480 799 1527 me
816 1455 947 1530 fructus
967 1453 1156 1551 debentur,

157 1606 217 1653 eos
243 1580 437 1680 uberiores,
466 1592 502 1652 et
527 1580 813 1679 praesentiores⁵
837 1604 1003 1680 praesens
1029 1604 1154 1679 capere

156 1707 339 1807 potuisses,
363 1707 406 1779 Iu
432 1707 480 1778 eis
506 1732 590 1779 vero
615 1703 845 1804 ulciscendis,
870 1730 958 1806 quos
984 1705 1049 1776 cibi
1075 1731 1156 1805 par-

157 1833 223 1906 tim
245 1832 405 1907 inimicos
431 1857 505 1903 esse
529 1830 693 1929 intelligis
725 1845 871 1931 propter
900 1845 996 1903 tuam
1022 1855 1156 1930 propu-

158 1959 358 2057 gnationem
384 1958 503 2030 salutis
527 1983 644 2056 meae,
674 1958 804 2057 partim
828 1956 985 2030 invidere
1010 1970 1156 2056 propter

156 2083 246 2158 illius
273 2084 419 2156 actionis
445 2082 713 2183 amplitudinem
738 2097 773 2155 et
795 2081 955 2182 gloriam,
971 2069 1156 2155 mirificum

157 2235 213 2283 me
239 2210 304 2283 tibi
330 2210 494 2283 comitem
519 2209 773 2309 praebuissem,
791 2227 1002 2312 quamquam
1024 2207 1083 2281 ille
1099 2234 1157 2308 pe·

50 2398 57 2411 .
99 2346 102 2351 ’
157 2339 273 2410 renuis
298 2337 485 2410 inunicus⁶
511 2336 702 2409 amicorum
727 2361 887 2434 suorum,
911 2334 971 2436 qui
997 2335 1068 2408 tuis
1088 2361 1156 2407 ma*

157 2462 259 2534 rimis
284 2460 462 2533 beneficiis
488 2476 648 2559 ornatus,
663 2463 700 2532 in
718 2475 753 2533 te
770 2451 992 2561 potissimum
1009 2461 1156 2535 fracmm

157 2586 252 2658 illam
265 2606 290 2685 7,
314 2601 350 2659 et
376 2586 591 2660 debilitatam
608 2589 679 2670 vim
697 2614 795 2660 suam
814 2587 982 2686 contulit,
999 2601 1155 2661 nostram

148 2712 302 2785 ·vicem⁸
327 2711 419 2784 ultus
445 2727 498 2785 est
521 2715 597 2813 ipse
623 2739 707 2785 sese.
732 2716 786 2786 Ea
812 2727 865 2785 est
882 2715 976 2785 enim
993 2728 1154 2811 conatus,

158 2837 283 2940 quibus
307 2839 506 2939 patefactis,
531 2839 665 2912 nullam
690 2840 756 2916 sibi
780 2839 818 2912 in
846 2852 1054 2939 posterum,
1085 2863 1155 2912 non

44 2983 48 2989 ’
155 2964 263 3039 modo
290 2964 487 3064 dignitatis,
518 2965 581 3038 sed
605 2991 650 3037 ne
675 2949 879 3038 libertatiso
905 2964 1052 3065 quidem
1075 2990 1153 3064 par·

156 3101 228 3162 tem
252 3089 398 3191 reliquit.
416 3092 477 3183 ¹Te
504 3104 621 3163 autem
647 3093 711 3164 etsi
736 3090 875 3165 mallem
891 3091 928 3162 iu
947 3092 1038 3164 meis
1052 3088 1154 3163 rebus

156 3229 354 3316 expertum,
387 3244 491 3318 quarn
523 3219 628 3291 etiarn
660 3218 698 3290 in
724 3219 814 3317 tuis,
839 3218 1024 3296 tamenin
1047 3214 1156 3296 mole·

157 3343 223 3414 stia
255 3342 412 3441 gaudeo,
444 3370 521 3416 eam
557 3344 663 3417 fidem
684 3361 712 3394 ¹⁰
747 3339 916 3442 cognosse
950 3342 1155 3438 bominum,

156 3469 302 3541 nonita
328 3495 453 3568 magna
478 3473 656 3570 mercede,
689 3499 794 3574 quam
822 3496 886 3568 ego
912 3466 1069 3542 maximo
1094 3466 1154 3540 do*

154 3589 228 3665 lore
255 3619 453 3692 cognoram.
487 3598 540 3669 De
566 3625 633 3698 qua
660 3600 795 3671 ratione
819 3610 895 3669 tota
921 3597 993 3668 iarn
1019 3593 1153 3669 videtur

157 3716 241 3787 mihi
267 3720 466 3817 exponendi
498 3735 637 3821 ternpus
674 3723 765 3821 dari,
797 3735 837 3795 ut
870 3721 934 3792 tibi
967 3718 1149 3801 rescribam

158 3841 203 3911 ad
229 3870 284 3940 ea,
311 3873 398 3945 quae
424 3849 568 3947 quaeris.
