2632 4852
252 313 296 385 18
574 329 742 379 rrrsromt
767 330 894 380 cxxxrr.
1021 326 1051 375 a.
1068 330 1102 375 v.
1120 329 1148 374 a
1165 328 1215 391 ⁶99

246 432 446 509 fasciculum
477 431 576 507 illum
611 430 856 532 epistolarum,
886 431 924 502 in
962 453 1033 531 quo
1065 428 1179 502 luerat
1207 444 1244 504 et

246 585 325 633 mea
349 571 385 632 at
407 556 524 657 Balbi,
555 570 671 631 totum
705 557 771 631 sibi
801 582 891 666 aqua
915 555 1097 630 madidum
1122 554 1245 632 reddi·

247 696 323 757 tum
347 673 436 756 esser
460 695 502 754 ut
526 705 571 754 ne
594 679 681 757 illud
706 680 847 785 quidem
872 682 974 779 sciat,
997 706 1114 760 meam
1137 680 1244 758 fuisse

248 807 397 909 aliquam
422 805 617 907 epistolam.
654 803 724 885 sed
756 831 800 885 ex
830 805 931 880 Balbi
957 805 1104 906 epistola
1129 831 1245 907 pauca

246 933 353 1012 verba
378 931 611 1032 intellexerat,
635 931 681 1005 ad
707 957 796 1035 quae
822 933 999 1034 rescripsit
1027 932 1083 1009 his
1106 932 1246 1013 verbis:

245 1061 303 1138 De
323 1059 493 1139 Cicerone
510 1058 608 1131 video
625 1071 659 1131 te
673 1059 703 1114 ¹⁰
728 1059 901 1158 quiddam
924 1063 1126 1160 scripsisse,
1143 1060 1246 1160 quod

245 1206 308 1281 ego
339 1207 415 1256 non
445 1183 634 1269 urtellexi3
668 1197 848 1284 quantum
871 1182 997 1265 'autem
1034 1189 1244 1263 commotum

246 1306 507 1419 consequautr,
539 1307 580 1379 id
608 1322 687 1381 erut
716 1306 941 1395 tutusnwdt,
974 1324 1017 1380 ut
1040 1313 1155 1410 magis
1178 1333 1243 1413 op-

108 1428 118 1440 *
248 1431 417 1518 undum,
441 1457 552 1540 quam
576 1433 792 1533 sperandum
820 1449 995 1541 putarem.
1027 1433 1152 1542 Itaque
1176 1461 1242 1536 po·

248 1570 322 1639 atea
346 1559 427 1632 misi
452 1557 498 1632 ad
523 1559 707 1633 Caesarem
726 1574 757 1626 ¹9
781 1559 906 1640 eodem
931 1558 992 1633 illo
1020 1560 1182 1661 exemplo
1206 1560 1244 1634 lt

247 1695 348 1755 teras
378 1684 501 1757 Iocum
519 1700 548 1734 ²⁰
575 1698 692 1762 autem
723 1684 813 1766 illius
846 1684 891 1765 da
923 1711 985 1758 sua
1018 1699 1173 1784 egestate
1198 1712 1243 1759 ne

247 1808 294 1881 sis
319 1823 532 1907 aspernatus.
557 1809 614 1888 Ad
640 1836 744 1911 quem
768 1836 833 1909 ego
859 1810 1038 1911 rescripsi,
1054 1810 1142 1883 nihil
1159 1838 1245 1911 esse,

250 1933 348 2035 quod
384 1933 535 2032 posthae
564 1960 666 2015 areae
690 1950 829 2015 nostrae
847 1952 876 1987 ²1
904 1936 1031 2013 fiducia
1060 1936 1247 2019 conturba·

250 2067 323 2157 ret;
357 2059 492 2168 lusique
520 2061 557 2133 in
582 2086 625 2135 eo
651 2087 775 2160 genere
799 2076 836 2136 et
860 2061 1072 2142 familiariter
1103 2077 1248 2141 etcum

195 2248 218 2281 Ι.
248 2182 427 2281 dignitate.
459 2188 569 2259 Amor
605 2200 722 2268 autem
754 2189 829 2260 eius
866 2213 947 2285 erga
984 2212 1050 2259 nos
1074 2186 1248 2287 perfertur

246 2311 403 2387 omnium
433 2313 565 2394 nuntiis
597 2311 786 2409 singularis.
823 2314 871 2386 Et
904 2311 1025 2385 literae
1043 2328 1075 2364 ²²
1100 2313 1245 2414 quidem

246 2432 293 2508 ad
316 2432 371 2532 id,
396 2433 492 2541 qaod
517 2449 713 2535 exspectas,
738 2435 809 2512 fere
834 2464 914 2511 cum
940 2452 1002 2511 tuo
1028 2437 1144 2513 reditu
1170 2440 1243 2545 iun-

247 2571 386 2655 gentur3
410 2559 542 2662 reliqua
566 2561 782 2666 singulorum
811 2562 947 2642 dierum
979 2560 1172 2646 scribemus
1197 2565 1244 2639 ad

245 2695 300 2779 te,
322 2683 352 2755 si
374 2683 482 2767 moda
506 2683 703 2764 tabellarios
728 2702 767 2762 tu
792 2687 987 2790 praebebis.
1016 2691 1244 2792 Quamquam

246 2807 416 2883 eiusmodi
440 2809 546 2909 frigus
569 2812 815 2913 impendebat,
839 2828 879 2887 ut
903 2840 1078 2889 summum
1103 2818 1243 2916 pericu-

168 3038 176 3054 (
245 2929 317 3012 lum
342 2948 446 3032 asset,
460 2959 506 3019 ne
522 2937 641 3044 Appio
658 2964 741 3015 suae
758 2940 862 3018 aedes
884 2954 1067 3020 urerentur
1084 2941 1124 3012 ²³.
1143 2941 1241 3023 Vale.

640 3189 846 3275 CXXXIII.
990 3233 1106 3290 (naun.
1120 3235 1219 3294 vum)

243 3359 461 3438 Argumentum.
483 3364 516 3433 C.
538 3366 715 3434 Trebatium
737 3370 879 3442 Testnm,
906 3371 1171 3442 iurisconsultum‚
1196 3371 1248 3430 fra-

282 3467 429 3529 miliarem
451 3491 555 3542 suum,
575 3473 694 3544 Caesari
717 3475 882 3546 Galliarum
905 3478 1095 3565 proconsuli,
1115 3477 1251 3559 diligen-

283 3574 395 3643 tissime
415 3579 614 3646 commendat.
