2632 4852
440 346 478 393 rr
504 339 695 394 cataronis
990 323 1063 400 323

96 448 224 510 alicuius
235 448 278 509 sio
292 446 445 517 abutitur,
464 456 499 507 ut
517 447 550 506 in
581 456 668 538 napta
702 442 756 507 liat
776 444 883 509 allusio
895 448 935 510 ad
951 449 1065 534 Papiae

95 557 169 639 legis
188 575 309 617 nomen.
328 553 472 637 Reliquas
494 555 694 637 interpretum
718 552 944 619 emendationes
969 558 1063 623 omit-

97 667 198 725 timus.

56 770 98 854 59
117 771 165 832 De
185 766 411 852 Allobrogibus.
433 771 586 848 Quartum
604 768 665 829 iam
685 789 798 830 annum
819 768 1010 855 triumphum
1024 771 1064 835 ad

95 888 200 960 portas
221 876 306 938 urbis
319 874 487 939 incredibili
502 877 645 959 patientia
665 875 857 959 exspectabat
875 877 1062 959 Pomtinius;
1116 901 1120 909 ·

96 986 165 1046 Liv.
186 987 258 1066 epit.
279 983 367 1056 CVI,
392 1005 445 1060 113
465 984 542 1055 Dio,
562 980 613 1046 lib.
635 983 789 1058 XXXIX,
809 994 882 1046 extr.

55 1091 98 1155 60
119 1090 275 1152 Scaevola.

57 1197 94 1258 61
120 1197 241 1258 Scilicet
261 1196 352 1257 latam
381 1196 479 1279 legem
504 1198 652 1258 curiatam
678 1196 716 1258 dc
741 1199 871 1280 imperio
897 1200 925 1260 ei
953 1219 1062 1262 conce·

96 1303 196 1365 dendo
215 1304 307 1365 unius
331 1304 406 1377 diei,
432 1324 494 1385 qno
522 1306 673 1386 ingressus
698 1300 814 1364 urbam
831 1315 933 1388 posset
952 1307 1085 1369 trium··

96 1410 202 1493 phare.
228 1410 300 1472 Sine
323 1413 453 1494 imperio
479 1413 560 1477 anim
591 1408 782 1494 triumphare
810 1431 902 1474 nemo
933 1422 1062 1495 poterat.

98 1518 198 1578 Huius
218 1520 261 1578 rei
282 1530 496 1600 argumentum
515 1517 609 1580 babes
629 1518 712 1601 apud
730 1519 870 1590 Livium,
890 1518 943 1579 lib.
965 1520 1066 1592 XLV,

95 1647 121 1687 c.
143 1624 195 1686 35:
222 1623 327 1687 Tribus
347 1627 393 1686 liis
412 1625 546 1687 omnibus
565 1624 698 1688 decretus
714 1625 753 1687 ab
766 1639 871 1686 senatu
885 1626 1064 1708 triunphat,

95 1732 329 1816 mandatumque
351 1733 388 1816 Q.
413 1731 515 1794 Cassio
531 1735 665 1816 praetori
682 1754 748 1795 oum
763 1734 885 1794 tribunat
895 1733 938 1815 pt.
951 1753 994 1794 ex
1006 1752 1064 1794 au·

96 1841 229 1900 ctoritate
245 1853 367 1922 patrum
380 1852 493 1921 ageret,
513 1842 692 1921 rogationem
704 1839 747 1902 ad
756 1840 874 1923 plebem
883 1839 1001 1922 finiant
1009 1884 1020 1913 ,
1035 1850 1067 1900 ut

96 1947 150 2019 iis,
168 1967 228 2031 qno
247 1945 295 2009 dic
316 1948 416 2010 urbem
437 1949 648 2030 triumphantes
673 1948 888 2020 inveherentur,
912 1948 1066 2030 imperium

98 2066 180 2116 esset.

56 2159 98 2221 62
122 2161 205 2238 Quin
224 2161 322 2243 legem
338 2162 376 2223 dc
390 2162 534 2223 Pomtinii
549 2163 678 2244 imperio
693 2162 816 2222 Servius
830 2161 929 2222 Galba
941 2173 1065 2244 praetor

102 2266 180 2328 clam
201 2278 271 2329 ante
285 2269 383 2331 lucem
397 2268 508 2329 tulerat
530 2269 606 2348 (Dio
619 2267 771 2340 XXXIX,
790 2277 878 2342 extr.;
898 2269 965 2328 Liv.
980 2267 1067 2340 CVI,

104 2376 178 2452 11),
198 2385 228 2436 et
248 2377 297 2456 agi
319 2378 484 2458 quicquam
504 2395 575 2437 cum
595 2373 711 2458 populo
725 2384 794 2435 ante
807 2373 916 2436 boram
934 2377 1066 2457 primam

98 2482 181 2563 leges
202 2481 352 2544 vetabant.

55 2590 100 2650 63
123 2588 173 2648 Sic
193 2588 288 2649 Land.
308 2600 339 2650 et
359 2588 404 2650 ed.
418 2590 475 2650 Ro.
489 2599 520 2650 et
532 2586 640 2650 Lamb.
661 2588 764 2670 Vulgo
785 2588 974 2671 triumphum.
995 2587 1066 2649 Scio

98 2706 202 2756 tamen
222 2694 405 2757 infinitivum
425 2717 567 2779 praesens
587 2717 644 2778 pro
665 2695 769 2756 futuro
789 2695 863 2756 alias
880 2693 1033 2756 interdum
1047 2715 1067 2754 a

99 2801 263 2875 Cicerone,
283 2823 321 2862 an
341 2824 360 2863 a
381 2802 532 2864 librariis?
552 2814 743 2887 usurpatum.
770 2802 842 2865 Mox
868 2804 992 2884 cogitat,
1019 2803 1067 2862 in-

100 2909 203 2992 tellige
220 2909 375 2993 proficisci.

56 3017 100 3094 64
123 3015 194 3078 Sine
214 3017 279 3100 lege
300 3019 416 3079 curiata
438 3017 498 3099 (ep.
520 3039 601 3100 sup„
628 3038 678 3093 123
697 3028 728 3079 et
747 3016 826 3077 infra
845 3037 892 3097 ep.
914 3014 995 3085 CLI,
1015 3013 1068 3093 α),

100 3144 163 3204 qua
182 3124 315 3206 populus
332 3124 593 3207 proficiscentibus
613 3127 645 3186 in
655 3126 845 3207 provinciam
859 3124 1023 3205 imperium
1036 3130 1067 3181 et

101 3230 248 3291 viaticum
269 3231 370 3293 dabat.

59 3336 103 3397 65
124 3335 160 3397 Id
182 3338 282 3420 ipsum
302 3340 332 3397 in
355 3361 402 3421 ep.
424 3339 595 3401 CXXXVI.

59 3442 102 3504 66
124 3444 159 3503 L.
179 3444 306 3505 Paullus
326 3445 486 3519 Aemilius,
506 3449 559 3527 qui
579 3446 654 3508 duas
674 3446 813 3507 basilicas
836 3446 900 3529 (cp.
921 3444 993 3515 XL,
1018 3444 1068 3522 1),

101 3562 237 3611 veterem
257 3554 403 3626 restituit,
423 3573 536 3614 novam
557 3557 707 3615 exstruxit.
729 3555 845 3615 Manat.

60 3656 101 3735 67
123 3657 308 3738 Eleganter,
328 3681 386 3742 pro
407 3660 569 3721 liberaliter
589 3664 795 3721 insumsimus.

58 3762 100 3824 68
121 3767 277 3838 Dominis,
297 3788 330 3827 er
352 3766 462 3849 quibus
488 3792 572 3831 casae
593 3770 737 3831 emcndae
762 3778 849 3830 erunt
869 3766 908 3827 ad
931 3758 1064 3848 amplifi-

104 3874 257 3932 cationem
279 3895 374 3936 areae.
