2632 4852
441 334 478 380 m
505 327 693 379 amsronas
993 305 1059 382 361

71 441 106 500 13
128 437 294 520 Imperium
307 430 520 505 obtinuerunt,
539 440 573 492 ut
589 429 738 503 Athenae,
759 428 883 510 Sparta,
897 438 969 501 etc,
981 431 1063 512 apud

107 565 183 627 quas
210 539 341 602 celebres
368 549 436 599 sunt
466 536 608 598 historiae
634 537 671 597 de
702 535 804 597 exsilio
832 533 1064 610 Themistoclis,

106 647 260 718 Aristidis,
279 655 333 706 etc.

71 758 107 834 14
127 753 294 815 Lambinus
312 750 469 822 accidisse,
487 753 551 811 sine
564 771 669 826 causa3
683 748 751 810 vide
762 748 802 810 ad
813 770 860 831 ep.
877 748 1022 821 CXXXI,
1035 768 1062 808 2.

106 860 178 920 Mox
199 857 265 920 edd.
286 856 365 918 Med.
386 856 494 917 Minui.
515 877 584 916 cum
605 855 670 916 cod.
692 856 752 917 Zel.
766 856 790 914 B
804 854 890 917 Illud
907 866 1005 917 autem
1019 876 1063 916 ne.

70 965 107 1027 15
126 965 205 1027 Edd.
226 963 348 1025 Mediol.
369 973 400 1023 et
421 963 510 1024 Herv.
531 961 678 1023 delecwre
694 964 794 1045 possit.

69 1071 107 1132 16
128 1071 178 1131 Sic
198 1082 267 1131 ante
287 1068 462 1130 Schiitzium
483 1068 664 1141 Lambinus,
685 1089 777 1150 quam
791 1068 950 1130 lectionem
973 1070 1064 1130 etiam

107 1178 240 1239 Clericus
260 1176 388 1237 admisit.
408 1176 510 1256 Vulgo
532 1197 591 1237 non
611 1177 729 1259 cepisse.

70 1307 104 1366 ¹7
125 1284 324 1366 Praepostero
346 1281 450 1343 ordine
470 1281 646 1364 Mart-Lag.
667 1294 697 1343 et
716 1282 875 1344 Schtitzius
897 1296 991 1344 tecmn
1003 1302 1065 1342 esse

107 1404 188 1451 trram
214 1410 282 1449 esse.
303 1390 482 1450 Nostrorum
503 1410 559 1450 sec.
581 1401 661 1450 tuam
684 1410 746 1449 esse
771 1388 877 1462 ducem·
896 1398 970 1471 sept.
995 1408 1065 1448 cum

14 1524 17 1529 ·
84 1497 173 1571 edd.
195 1498 270 1557 lens.
291 1497 363 1556 Min.
384 1506 415 1555 et
435 1495 526 1556 Herv.
549 1508 629 1556 tuam
647 1516 709 1555 csse
731 1508 824 1556 tecum
846 1495 951 1567 ducem·
972 1516 1065 1577 quar-

105 1602 219 1665 tusdec.
233 1623 302 1662 cum
322 1601 368 1663 ed.
389 1602 445 1662 Ro.
467 1614 548 1662 tuom
568 1615 661 1662 tecum
681 1622 759 1672 esse,·
777 1603 825 1670 De
845 1602 1013 1662 Franciseis
1033 1603 1065 1661 in

106 1730 222 1790 exemp.
244 1708 290 1769 ed.
312 1709 386 1769 iens.
408 1719 488 1768 tuam
508 1729 569 1768 esse
588 1721 617 1769 et
637 1721 730 1769 tecum
750 1729 820 1768 esse.
899 1764 902 1772 .

67 1815 106 1877 18
127 1816 210 1876 idem
238 1817 285 1875 De
311 1816 478 1876 Franciseis
505 1816 647 1898 ceterique
673 1817 777 1887 amici3
802 1816 902 1875 minus
931 1815 1064 1876 feliciter.

104 1922 178 1982 Mox
198 1922 377 2002 Mart-Lag.
398 1924 545 1982 incertum
561 1942 622 2003 qua
636 1924 814 1983 auctoritate
829 1921 922 1982 edidit
942 1923 995 2003 qai
1006 1942 1065 1983 non

56 2094 65 2113 .
105 2047 148 2088 ese
158 2026 301 2107 somma,
320 2026 374 2087 sed
392 2047 434 2088 ese
443 2026 571 2109 sortmm
592 2040 643 2088 tua
660 2026 832 2109 pendemus.

67 2155 106 2216 ¹9
126 2132 235 2194 Libros
261 2154 365 2194 omnes
388 2132 502 2194 habere
523 2135 716 2194 conscientiae
742 2144 890 2196 testantur
911 2133 998 2194 multi
1018 2136 1066 2194 in-

107 2251 225 2323 terpp,
245 2240 328 2321 quod
341 2240 498 2302 Ernestius
520 2244 650 2323 recepit,
670 2240 754 2322 quod
768 2239 944 2313 cohaereat,
963 2252 998 2300 ut
1010 2242 1067 2323 ipsi

105 2349 205 2408 visum
219 2357 277 2419 est,
290 2367 360 2406 cum
373 2345 523 2427 adiunges.
538 2347 576 2406 Ei
590 2343 726 2428 proxime
741 2347 923 2428 Hervagius:
937 2348 1067 2409 maxime

106 2454 195 2513 etrum
219 2455 246 2514 si
273 2465 339 2514 tuae
365 2455 557 2514 conscientiae
570 2487 610 2501 ··-·
623 2464 651 2513 et
671 2452 747 2514 illud
768 2452 916 2533 adiunges.
939 2456 979 2514 At
998 2475 1066 2515 con-

105 2560 225 2621 scientia
252 2559 345 2621 habet
364 2560 518 2623 Victorius
546 2572 577 2620 et
597 2561 704 2642 vulgo,
731 2570 762 2621 et
780 2561 967 2622 nominativo
996 2581 1068 2621 casu

105 2668 238 2748 accipio,
251 2679 285 2728 ut
298 2668 408 2729 eximio
421 2669 508 2729 virtus
527 2689 712 2751 summusque
725 2703 766 2715 -
775 2688 877 2730 amor:
889 2703 930 2717 -
944 2688 998 2729 nos
1019 2689 1067 2728 ce-

107 2775 225 2855 terique.
245 2774 346 2835 Nostri
367 2775 404 2849 3,
425 2797 456 2856 7,
474 2796 507 2835 ra
534 2776 663 2837 maxime
688 2777 782 2836 amici.
816 2774 898 2837 Tuae
922 2777 1069 2838 conscien-

109 2884 165 2939 tiae
185 2892 214 2939 er
233 2879 317 2942 iliud.
784 2940 786 2951 .

64 3007 106 3046 20
126 2984 374 3046 Provocabulum
394 2988 420 3048 si
438 2986 554 3048 abesto
570 2987 654 3050 libris
675 2989 922 3072 quamplurimis3
943 2987 1068 3047 Lambi-

105 3113 163 3152 nus
183 3114 250 3152 cum
270 3105 300 3152 et
318 3092 412 3167 illud,
433 3092 543 3155 Schiitz
564 3096 613 3154 cui
630 3107 659 3155 et
679 3095 761 3157 illud.

63 3218 101 3257 21
126 3177 295 3260 Lambinus
315 3199 492 3261 admonitus.

63 3324 105 3363 22
127 3304 216 3365 amb.
241 3326 291 3379 12,
312 3307 383 3369 Rec.
403 3319 433 3368 et
453 3307 499 3369 ed.
520 3279 828 3375 lensscomotaadam
840 3342 880 3355 -
894 3304 1056 3368 brundam.

482 3548 664 3634 cnxxvn.

71 3751 82 3790 ι
108 3728 167 3789 Ed.
188 3730 244 3792 Ro.
268 3731 300 3792 C.
326 3731 471 3794 Trebatio.

64 3857 83 3900 2
105 3835 177 3895 Rec.
198 3849 228 3897 et
247 3839 314 3900 edd.
334 3842 461 3921 priores.
486 3840 613 3903 Vectius.
669 3893 670 3897 ,
740 3893 746 3905 .
