2632 4852
307 411 989 500 ANNOTATIONES

452 621 499 684 Ill
539 622 603 685 ΕΡ
615 624 626 685 l
638 623 659 684 S
670 625 698 685 T
710 623 739 684 Ο
752 625 777 684 L
789 624 814 683 A
826 623 847 684 S

354 823 430 875 orae
451 822 478 863 m
499 821 556 863 acc
576 823 725 865 vocvuum
745 822 944 864 courmmrvn

605 1027 704 1044 ..-

588 1281 712 1342 CXXX.
798 1330 801 1334 Α
871 1296 874 1303 ·

159 1494 168 1531 ι
195 1403 255 1531 Ita
275 1481 305 1531 et
325 1469 529 1547 Quintilianus
550 1470 581 1529 in
602 1467 705 1528 limine
726 1465 923 1530 Institutionis
941 1475 1091 1537 oratoriae
1111 1476 1150 1536 ad

192 1575 393 1660 Triphonem:
414 1572 611 1656 Efflagitosti,
630 1575 744 1656 iuquit,
763 1574 933 1656 quotidiano
948 1581 1098 1651 convicto,
1120 1593 1153 1640 ut

195 1683 343 1743 libros-
362 1683 489 1743 emittere
508 1681 679 1762 inciperem
699 1681 738 1741 ad
759 1703 850 1764 quem
864 1683 966 1745 locum
986 1685 1150 1768 explanan-

193 1788 266 1849 dum
287 1787 428 1848 transfert
449 1786 642 1869 Spaldingius
663 1797 693 1848 et
706 1787 788 1849 hunc
800 1799 830 1850 et
850 1789 925 1851 alios
940 1790 1092 1852 Ciceronis
1106 1792 1151 1853 lo·

135 1970 137 1975 ¹
193 1916 244 1956 cos
262 1914 330 1977 epp.
348 1893 510 1965 CXXXII,
538 1915 566 1970 ¹3
585 1893 768 1967 DCCCXll,
787 1916 820 1970 23
839 1906 870 1956 et
888 1916 945 1977 pro
965 1896 1082 1958 Cluent.
1104 1917 1151 1980 ²7·

192 2001 341 2060 Nimirum
352 1992 505 2081 epistolam
518 2000 595 2061 hauc
608 2000 826 2083 maximopere,
835 1999 893 2061 hnc
904 2011 958 2073 est,
971 2003 1065 2062 multo
1074 2013 1152 2064 cott-
1256 2011 1261 2021 ¹

190 2106 351 2188 pollutione
363 2105 581 2188 efflagn'torunt,
591 2116 646 2167 etc.
655 2107 721 2189 lpse
729 2107 828 2168 Cicin
839 2107 1151 2191 cit.ep.DCCCXll,a

193 2211 277 2293 quod
304 2214 405 2295 primo
429 2211 617 2295 quotidianas
641 2212 878 2294 compellationes
897 2213 1028 2286 dixerat,
1047 2225 1153 2297 postea

193 2319 377 2380 iustissimum
396 2329 427 2379 et
446 2320 674 2380 honestissimum
686 2319 1032 2382 conviciumnominavit.
1047 2323 1152 2405 ltaque

194 2445 267 2485 cave
287 2425 483 2487 cum'eodem
505 2426 682 2510 Spaldingio
703 2426 740 2487 de
760 2428 870 2486 iniuria
889 2425 940 2486 hic
961 2430 1081 2509 cogites.

155 2551 172 2588 a
195 2529 242 2590 Ad
254 2530 425 2602 Caesarem,
440 2542 526 2614 putu,
540 2534 571 2591 in
581 2532 729 2592 Galliam:
744 2530 776 2590 id
787 2542 869 2614 patet
879 2553 914 2592 ex
926 2553 972 2614 ep.
979 2532 1151 2598 CXXXVI.

155 2637 173 2696 3
195 2635 233 2699 Η.
254 2656 279 2697 e.
301 2637 449 2719 quidquid
469 2640 500 2698 in
520 2637 648 2699 buccam
668 2641 799 2710 venerit,
818 2637 981 2700 effundere.

153 2741 234 2821 4Ἠ.
254 2763 279 2803 e.
300 2743 408 2804 acerbe
428 2755 458 2805 et
483 2747 616 2816 concise,
639 2755 675 2805 ut
700 2766 747 2806 res
773 2744 929 2826 significat
956 2747 1153 2829 Quamquam

193 2846 233 2907 ad
253 2868 399 2931 pompam
420 2853 521 2934 potius
542 2851 735 2924 eruditionis,
760 2871 852 2933 quam
873 2851 912 2912 ad
932 2854 976 2912 rei
997 2855 1154 2914 veritatem

194 2952 226 3011 id
245 2952 353 3016 dixisse
373 2967 469 3038 puto,
488 2977 523 3018 ex
544 2978 597 3028 eo,
618 2956 716 3040 quod,
737 2979 832 3040 quum
853 2957 890 3018 de
915 2956 1067 3018 Tenediis'
1081 2978 1153 3039 age·

194 3068 256 3131 ret,
276 3059 419 3142 adagium
440 3062 477 3123 de
497 3065 594 3124 securi
616 3064 751 3124 Tenedia
771 3064 810 3124 ad
824 3085 887 3124 rem
900 3063 997 3124 facere
1011 3065 1038 3124 ei
1054 3065 1154 3123 visum

193 3165 295 3228 luerit.
316 3168 390 3230 lnde
410 3170 603 3243 translatum,
623 3171 707 3253 quod
727 3171 800 3231 olim
815 3172 878 3231 Rex
893 3169 1007 3231 Tenedi
1025 3170 1155 3230 securim
1288 3243 1289 3248 η

194 3283 313 3353 gestans
334 3274 400 3337 lites
420 3276 526 3339 audire
540 3279 707 3351 consuerit,
726 3298 876 3360 causaque
889 3276 1035 3347 iudicata,
1056 3277 1153 3357 proti-

194 3402 252 3442 nus
279 3402 364 3454 eum,
392 3385 444 3465 qui
464 3383 581 3446 fecisset
600 3387 757 3458 iniuriam,
785 3387 881 3446 securi
907 3394 1081 3466 percuterem
1101 3391 1155 3444 aut

194 3487 280 3568 quod
291 3489 444 3551 Tenedius
458 3491 581 3573 quidam
593 3492 656 3552 Rex
670 3493 766 3574 legem
780 3492 882 3553 tulerit
895 3492 926 3550 in
939 3489 1105 3560 adulteros,
1119 3497 1154 3547 ut

194 3595 353 3677 utriusque
364 3617 475 3679 corpus
489 3601 585 3659 securi
600 3598 816 3671 concideretur,
829 3601 953 3678 eiusque
967 3597 1040 3677 legis
1054 3614 1154 3654 exem-

194 3699 282 3782 plum
296 3705 387 3763 etlam
400 3704 433 3764 in
450 3703 546 3764 lilium
564 3705 699 3768 ediderit.
714 3706 796 3766 Haec
812 3705 972 3774 Erasmus,
986 3700 1062 3760 Cbil.
1075 3700 1105 3771 Ι,
1118 3722 1154 3781 9,

196 3825 245 3891 29.
268 3808 462 3898 Quamquam
483 3813 546 3894 ipse
566 3813 706 3896 adagium
727 3833 745 3876 a
764 3812 842 3875 lacto
864 3807 1025 3873 Alexandri
1046 3805 1150 3887 Magni
