2632 4852
149 347 244 415 ,ιη
507 342 674 391 urrsrouu
701 346 845 393 cxcvur.
945 343 1075 392 auc.
1095 346 1147 408 ⁶99

171 445 293 521 falsam
318 445 521 545 opinionem
545 457 752 543 acceperant
764 447 814 517 ⁸¹:
840 470 946 545 quem
970 459 1055 545 post
1080 449 1173 520 redi-

170 587 246 645 tum
272 570 436 646 dictitant
459 569 570 643 fracto
596 571 764 643 animost
782 568 932 643 demisso
949 569 1064 644 fluisse.
1082 575 1169 659 [Est

168 722 253 771 vero
278 695 524 797 probandum,
548 698 608 798 qui
633 711 669 769 et
693 722 827 770 summa
853 695 1035 770 voluntate
1061 724 1171 773 cesse

168 825 236 923 rit,
268 837 305 896 et
341 823 477 922 egregia
503 823 610 897 animi
635 820 812 897 alacritate
848 821 1018 922 abfuerit,
1054 850 1171 927 neque

167 974 251 1022 sanc
276 948 389 1024 redire
421 949 571 1047 curarit,
602 974 683 1020 eum
715 947 761 1021 ob
793 947 832 1021 id
863 948 981 1048 ipsum
1018 948 1170 1023 fractum

166 1073 286 1147 firisse:
320 1075 359 1147 in
392 1099 462 1177 quo
501 1099 609 1176 quum
640 1068 762 1148 omnes
799 1072 978 1173 homines,
1009 1087 1086 1148 tum
1119 1075 1167 1148 M.

165 1198 264 1274 illum
288 1199 473 1299 Scaurum,
498 1197 708 1298 singularem
733 1199 864 1299 virum,
888 1200 1106 1298 constantia,
1132 1213 1168 1274 et

166 1328 335 1426 gravitate
360 1337 581 1428 superasset]
598 1326 640 1396 ⁸².
670 1324 762 1424 Sed,
785 1323 883 1426 quod
907 1324 951 1398 dc
976 1324 1039 1398 illo
1066 1350 1167 1398 acca·

165 1466 311 1552 perant,
343 1467 404 1526 aut
435 1453 541 1526 ctiam
578 1450 866 1552 suspicabantur,
904 1448 949 1523 de
982 1475 1040 1523 me
1069 1450 1164 1524 idem

166 1576 384 1678 cogitabant,
409 1576 596 1683 abiectiore
622 1579 739 1652 animo
764 1601 821 1649 me
848 1575 1022 1651 futurum:
1055 1602 1164 1681 quum

164 1728 219 1775 res
243 1702 385 1802 publica
408 1704 576 1777 maiorem
608 1704 714 1777 etiam
737 1702 824 1775 mihi
849 1702 1027 1801 animum,
1057 1728 1163 1805 quam

164 1853 331 1929 umquam
355 1827 572 1928 habuissem,
596 1827 712 1928 daret,
729 1854 818 1930 quac
837 1826 1064 1926 declarasset,
1079 1853 1119 1899 se
1131 1827 1162 1877 ⁸³

162 1979 236 2029 non
260 1955 415 2055 potuisse
439 1981 496 2027 me
520 1980 592 2027 uuo
618 1956 687 2028 civi
712 1979 849 2028 carere:
884 1978 1062 2055 quumque
1092 1951 1161 2024 Me·

162 2078 284 2154 tellum
309 2078 411 2154 unius
437 2079 567 2154 tribuni
590 2078 704 2181 plebis
729 2080 886 2178 rogatio,
918 2104 975 2150 me
1000 2078 1160 2152 universa

161 2232 216 2281 res
240 2204 383 2308 publica
395 2262 405 2307 ,
431 2206 520 2281 duce
545 2219 685 2306 senatu,
717 2205 907 2278 comitante
930 2203 1051 2304 Italia,
1074 2204 1160 2277 relc-

161 2347 262 2407 rente
288 2332 451 2437 consule,
475 2331 777 2439 promulgantibus
805 2344 888 2406 octo
914 2328 1083 2428 tribunis,
1107 2355 1159 2403 co·

161 2459 267 2531 mitiis
294 2452 511 2559 centuriatis,
529 2458 663 2532 cunctis
681 2456 861 2532 ordinibus
878 2453 1158 2547 [bominibus]⁸l

160 2582 461 2685 incumbentibus,
485 2585 648 2659 omnibus
675 2583 825 2685 denique
852 2583 928 2675 suisw
948 2581 1084 2657 viribus
1108 2607 1158 2655 re-

161 2724 368 2809 cuperasset.
393 2711 514 2811 Neque
538 2737 622 2785 vero
640 2735 704 2808 ego
721 2709 807 2783 mihi
822 2723 946 2810 postea
964 2707 1157 2810 quidquam

159 2837 326 2936 assumsi,
350 2860 464 2938 neque
488 2836 595 2910 hodie
629 2861 790 2936 assumo,
824 2835 921 2937 quod
946 2860 1158 2936 quemquam

75 2977 79 2982 ’
157 2959 518 3037 malivolentissimum
545 2964 619 3035 iure
649 2964 761 3062 possit
789 2961 975 3035 offendere.
1002 2961 1156 3033 Tantum

156 3086 285 3186 enitor,
311 3103 351 3160 ut
374 3113 489 3190 neque
514 3089 652 3186 amicis,
668 3114 782 3189 neque
802 3089 908 3160 etiam
933 3085 1153 3159 alienioribus

156 3234 285 3312 opera,
322 3213 490 3312 consilio,
525 3213 645 3289 labore
679 3213 797 3288 desim.
830 3214 898 3286 Hic
930 3236 1031 3285 meae
1065 3212 1153 3286 vitae

156 3361 276 3411 cursus
301 3337 449 3412 offendit
465 3328 533 3413 >eos
571 3340 737 3439 fortasse,
774 3340 834 3441 qui
868 3336 1098 3442 splendorem
1120 3347 1153 3409 et

156 3464 309 3562 speciem
333 3464 435 3538 buius
461 3468 554 3539 vitae
579 3467 776 3564 intuentur,
808 3462 1070 3537 solicitudinem
1095 3487 1152 3535 au·

154 3599 226 3660 tem
251 3602 287 3662 et
310 3589 468 3664 laborem
485 3593 516 3644 ⁸⁵
541 3595 739 3692 perspicere
771 3616 845 3664 non
876 3603 1036 3690 possunt.
1062 3585 1150 3662 Illud

155 3735 238 3786 vero
265 3739 336 3788 non
361 3715 508 3791 obscure
534 3734 747 3818 queruntur,
776 3720 813 3790 iu
837 3718 923 3789 meis
950 3713 1147 3807 sententiis,

155 3838 280 3937 quibus
317 3868 437 3916 ornem
471 3845 677 3942 Caesarem,
716 3844 816 3945 quasi
854 3842 1044 3915 descissam
1059 3842 1092 3892 ⁸⁶
1124 3862 1142 3907 a
