2632 4852
428 327 465 374 ru
491 323 682 373 ammonas
985 301 1059 403 349

55 426 184 510 7Amb.
217 425 351 487 decimus
383 446 440 486 sec.
472 426 557 486 istam
589 444 685 486 meam
705 436 770 484 'rut
797 425 842 496 d„
872 425 1057 505 quintusdeo.

95 537 183 596 utrm
203 544 285 594 tuam
305 544 359 593 rat.
373 531 402 592 d.
417 531 480 593 Zel.
493 542 523 592 et
543 531 589 593 ed.
610 531 684 591 Min.
705 530 790 591 utam
810 531 951 593 tutionem
979 543 1059 594 tuam

94 661 192 702 nicom
212 638 261 712 d.,·
285 660 321 699 ex
348 637 457 720 quibus
485 636 625 700 omnibus
646 636 740 720 aliqui
762 636 888 699 fortasse
908 637 1058 699 edendum

95 746 247 809 curabunt
268 766 386 807 mecum
407 757 437 807 et
457 763 526 806 cum
542 743 652 806 Schitta
673 753 704 804 et
723 742 769 805 cd.
790 744 867 805 lens.
880 744 965 805 istam
979 757 1060 807 tuum

94 866 169 927 rat,
189 873 285 914 meam
304 851 410 914 dicam.
455 854 459 876 ¹

53 962 75 1024 8
95 963 196 1022 Nostri
217 960 334 1041 aliquot
354 980 422 1021 cum
444 958 511 1020 edd.
525 971 596 1021 vett.
609 950 692 1021 tuum
704 959 862 1021 concilium.
884 957 966 1018 lnlra
980 979 1058 1021 unus

95 1064 203 1127 Lamb.
224 1066 346 1126 breviter
366 1077 462 1126 tarsen
482 1067 539 1139 sic;
559 1065 620 1157 zat.
641 1068 668 1127 A
689 1066 768 1126 brevi
784 1066 835 1127 sic.

54 1175 203 1258 9Quum
231 1174 319 1256 pauci
342 1175 419 1246 iam,
448 1175 500 1255 qui
522 1172 699 1256 spectaculis
720 1173 798 1233 allioi
818 1192 880 1233 non
903 1182 1060 1255 poterant,

95 1283 198 1342 omnia
225 1289 374 1352 tenerent,
402 1289 432 1341 et
459 1279 593 1342 Caesaris
619 1280 785 1362 potentiam
811 1277 975 1362 Pompeius
1004 1278 1059 1339 ad-

94 1389 223 1448 iuvaret.
334 1390 338 1398 ”

57 1514 94 1555 10
116 1492 252 1574 Intellige
272 1496 481 1575 magistratum
502 1514 578 1576 quos
598 1493 691 1555 Curio
704 1494 797 1554 animi
811 1503 841 1553 et
861 1493 997 1575 corporis
1011 1492 1060 1553 sui
1130 1552 1135 1565 ,

95 1603 281 1662 ornamentis
302 1600 418 1662 facilius
433 1600 568 1662 obtinere
581 1611 714 1683 poterat,
732 1620 825 1682 quam
839 1598 983 1664 ludorum
997 1597 1060 1660 edi·

93 1708 185 1767 tione.
207 1705 316 1768 Ambb.
336 1708 406 1772 Rec.
421 1719 451 1771 et
471 1708 538 1769 edd.
552 1719 639 1781 vett„
650 1717 772 1791 praeter
787 1704 884 1780 Med„
903 1717 971 1767 runt
985 1706 1057 1766 inre

90 1813 175 1896 publ.
195 1815 386 1896 amplissima.

57 1941 88 1980 11
114 1919 365 1997 possibilitatem,
386 1924 447 1986 sive
468 1923 640 1985 facilitatem
661 1922 784 1984 illorum
805 1921 1000 1983 edendorum.

57 2049 94 2089 12
117 2029 181 2106 Qui
200 2049 271 2091 non.
364 2046 370 2063 ¹

57 2135 92 2195 13
115 2133 173 2195 Ed.
197 2136 254 2196 Ro.
281 2146 312 2197 et
338 2135 427 2197 A‘mb.
460 2160 493 2199 12
522 2141 665 2221 quoniam
689 2137 849 2218 offredum
873 2149 904 2198 at
932 2139 1051 2207 tertiis,

93 2250 166 2301 sext.
194 2252 268 2325 sept.
290 2243 479 2324 quartusdec.
500 2254 531 2322 et
552 2255 668 2305 ceterae
693 2247 835 2327 antiquae
856 2244 922 2306 edd.
943 2244 995 2328 qui
1010 2242 1052 2300 in·

91 2345 218 2428 gredior.
239 2348 310 2409 Mox
332 2351 437 2411 tertius
458 2371 527 2411 cum
549 2350 610 2412 Zel.
631 2354 656 2412 A
678 2362 708 2413 et
728 2351 775 2412 ed.
797 2353 871 2412 lens.
892 2349 936 2411 ad
959 2348 1051 2433 crcpli-

18 2458 20 2471 '
93 2454 241 2528 candum,
261 2466 296 2517 ut
315 2458 348 2517 in
368 2478 415 2540 ep.
436 2458 556 2530 XVIlI,
582 2480 615 2532 1,
635 2469 665 2519 et
686 2459 842 2522 CLXXVI
864 2469 936 2519 extr.

57 2563 93 2640 14
114 2561 243 2646 Proprie
263 2566 382 2646 passive
401 2565 521 2627 dicitur.
539 2553 598 2626 Est
626 2569 705 2626 enim
733 2566 813 2626 idem
840 2587 875 2626 ac
901 2576 1048 2648 exspecta·

94 2682 158 2730 tum
177 2690 254 2743 esse,
273 2671 321 2732 vel
347 2674 530 2753 exspectari3
550 2675 594 2735 uti
622 2695 684 2734 esse
709 2674 739 2734 in
760 2675 827 2734 vitio
850 2672 934 2753 (Off.
958 2693 988 2742 1,
1012 2670 1049 2750 7)

94 2796 154 2857 pro
175 2777 306 2842 vitiosum
324 2799 407 2853 esse,
426 2802 487 2841 esse
515 2782 546 2841 in
573 2781 681 2846 honore
707 2802 765 2864 pro
791 2782 980 2853 honoratum,
998 2796 1051 2838 csse

91 2884 127 2942 in
145 2885 235 2943 amris
254 2906 311 2967 pro
331 2901 487 2948 arrectum.
509 2888 592 2952 Cort.

56 2988 93 3049 15
114 2987 204 3049 amb.
233 3001 300 3052 tert.
328 3004 360 3052 ut
384 2991 472 3055 debes
497 3015 579 3068 esse,
609 2995 866 3077 quemadmodum
892 2993 1000 3073 legitur
1018 2989 1050 3047 in

91 3116 141 3178 ep.
163 3095 213 3156 CC
232 3118 268 3158 eo
288 3100 327 3158 sis
346 3102 462 3175 anum,
481 3122 541 3184 quo
562 3102 638 3163 soles
658 3124 726 3165 csso.

53 3200 91 3263 16
112 3202 283 3285 Dupliciter
303 3206 418 3268 dictum
446 3218 475 3270 et
496 3208 647 3283 deludis,
677 3222 706 3274 et
734 3210 772 3272 de
800 3208 903 3271 officiis
930 3206 962 3265 in
987 3221 1049 3265 rem
1165 3196 1168 3201 ⁴

91 3308 180 3390 publ.

54 3436 89 3498 ¹7
112 3415 178 3479 Sec.
199 3423 344 3502 septimus
363 3435 394 3486 ot
413 3424 554 3486 decimus¹
568 3446 623 3488 sec.
641 3425 773 3510 profircto
794 3440 949 3504 cogrwsces.

426 3755 428 3759 Α
497 3668 617 3730 cnxx.

58 3865 68 3905 1
93 3843 152 3907 Ed.
174 3846 230 3910 Ilo.
253 3849 284 3911 C.
312 3851 455 3915 Trebatio.
