2632 4852
159 308 230 381 300
524 329 792 380 aanorarronrs

157 453 197 514 70
217 434 279 510 Qui
301 433 414 514 etipse
434 431 599 492 consularis
619 430 795 492 candidatus
815 438 890 491 erat.

157 560 191 622 71
215 541 306 600 Notat
324 538 497 599 Morcellius
518 539 625 619 (Dello
646 540 775 600 scrivere
788 537 870 620 degli
883 536 1045 620 antichi),
1058 559 1159 600 errare

141 689 145 696 -
195 666 247 707 eos
268 666 338 706 cum
359 645 545 722 Martorellio
567 646 621 725 (de
641 645 747 707 Theca
766 645 820 705 eal.
840 665 961 727 parerg.
982 667 1007 706 c
1028 646 1087 723 4),
1107 646 1158 728 qui

196 751 364 824 affumant,
384 763 520 813 veterum
540 752 680 834 epistolas
705 751 798 812 fuisse
824 752 857 810 in
876 761 1004 812 teretem
1029 751 1158 812 formam

195 858 380 919 convolutas.
400 860 477 918 Nam
496 870 617 941 praeter
638 879 729 940 quam
753 857 838 939 quod
867 877 929 918 non
950 868 996 921 est
1018 856 1098 919 liaeo
1116 859 1160 920 vis

195 964 279 1025 verbi
300 967 491 1047 complicum,
512 988 572 1047 quo
592 977 622 1027 et
641 965 708 1039 hic,
726 976 757 1027 et
776 967 887 1026 iterum
907 967 939 1025 in
959 985 1008 1048 ep.
1028 964 1154 1025 CDXLl

194 1074 291 1133 utitur
310 1072 431 1145 Cicero,
451 1075 494 1133 ait
506 1084 656 1155 repertam
676 1073 768 1133 fuisse
780 1073 885 1155 paucis
897 1069 1012 1132 abhinc
1026 1072 1113 1132 annis
1127 1074 1157 1132 iu

195 1180 320 1260 antiquo
335 1178 496 1261 sepulchro
509 1178 591 1261 apud
605 1179 791 1239 Falarienses
812 1180 844 1238 in
864 1177 994 1239 dioecesi
1014 1178 1158 1240 Firmano

196 1283 420 1358 membranam,
440 1305 518 1367 quae
537 1306 556 1345 a
576 1296 708 1366 quatuor
728 1283 870 1345 cornibus
891 1305 989 1366 usque
1003 1283 1046 1344 ad
1058 1283 1157 1344 umbi-

195 1389 288 1450 licum
309 1391 402 1452 semel
421 1403 512 1474 atque
538 1393 648 1452 iterum
677 1391 858 1472 complicata
884 1401 950 1452 erat
975 1392 1073 1451 instar
1092 1388 1157 1450 libri

195 1496 350 1578 quadrati3
371 1501 455 1559 cuius
476 1493 607 1579 quatuor
626 1519 741 1559 cornua
754 1497 862 1559 deinde
879 1499 1009 1558 stamine
1023 1495 1157 1578 ligaban-

196 1616 263 1677 tur,
284 1615 313 1665 et
327 1617 443 1666 stamen
457 1607 558 1687 ipsum
569 1603 715 1688 plumbeo
736 1603 897 1665 tenebatur
917 1603 1029 1685 sigillo.
1049 1603 1158 1664 Contra

198 1711 387 1773 Morcellium
407 1711 550 1785 Plautus,
569 1710 648 1772 liud.
668 1712 723 1785 lv,
745 1712 781 1785 3,
799 1733 826 1772 1:
848 1711 931 1771 Dum
952 1712 1032 1773 lianc
1052 1710 1158 1772 titini

196 1818 328 1891 dentem,
347 1840 438 1902 quam
456 1820 561 1891 tralu's,
580 1819 732 1901 complice.

157 1945 194 2006 72
217 1925 351 1986 Omnino
372 1928 415 1987 sic
434 1937 479 1987 est
500 1924 711 2007 corrigendam
733 1945 803 1985 cum
817 1922 957 1987 Manutio
971 1935 1004 1986 et
1018 1923 1156 1986 Schiitzio

195 2034 353 2114 vulgatum
374 2033 426 2093 XI
449 2032 520 2095 Καὶ
548 2031 645 2115 Sept,
672 2034 725 2115 qui
752 2031 815 2094 dies
848 2030 1047 2114 sequentihus
1077 2031 1156 2092 nullo

194 2140 288 2201 modo
308 2143 456 2203 convenit.

159 2249 197 2329 73
217 2247 415 2330 Naufragium
437 2248 600 2308 multarum
619 2250 744 2310 naviam
765 2258 853 2331 putat
875 2247 1034 2308 Manutius
1056 2249 1067 2323 l
1079 2245 1154 2306 Caes.

196 2355 227 2415 B.
248 2355 325 2416 Gall.
347 2356 401 2428 IV,
422 2357 502 2438 29);
530 2354 648 2416 obitum
670 2355 765 2417 Iuliae
795 2355 932 2439 Caesaris
952 2353 1052 2426 filiae,
1072 2353 1155 2414 Pom·

193 2463 262 2542 peio
282 2462 394 2543 Magno
415 2472 545 2545 nuptae,
566 2462 674 2523 melius
702 2465 943 2544 interpretantur
968 2460 1153 2522 recentiores.

193 2567 261 2629 Vox
282 2570 362 2627 enim
384 2570 494 2641 licetur,
515 2589 592 2650 quae
612 2568 691 2628 infra
711 2569 750 2629 de
771 2568 897 2629 Caesare
920 2567 1052 2640 dicitur,
1072 2567 1153 2626 deia·

195 2684 280 2733 ctura
291 2676 415 2734 navium
429 2654 489 2734 non
505 2678 619 2756 patitur
632 2673 770 2755 intelligi,
783 2675 962 2756 praesertim
979 2675 1012 2732 in
1027 2672 1151 2734 Caesare.

154 2780 194 2859 74
214 2779 347 2851 Scilicet,
367 2784 479 2862 negotii
500 2781 649 2842 habuisse.
670 2780 802 2841 Tislinus
823 2780 897 2862 legit
918 2780 1043 2851 Publio,
1064 2789 1095 2839 et
1113 2779 1150 2836 in·

193 2887 302 2969 telligit
321 2886 359 2948 de
384 2886 419 2948 P.
447 2887 553 2949 Clodio
563 2887 577 2964 ς’
599 2891 629 2948 in
661 2907 722 2968 quo
756 2906 857 2948 secum
888 2886 1033 2946 facientes
1065 2883 1147 2945 habet

197 2993 285 3054 Amb.
311 2993 363 3066 16,
383 2995 477 3054 Laud.
506 3006 536 3055 et
561 2994 628 3056 edd.
654 3005 726 3056 vett.
747 2994 806 3053 Res
833 2995 941 3074 utique
969 2994 1090 3074 ignota;
1108 2988 1149 3051 sed

201 3121 262 3160 non
281 3104 377 3183 magis
397 3113 504 3162 notum
524 3113 570 3163 est
589 3101 745 3182 vulgatam
759 3101 797 3161 de
812 3100 957 3173 Publilio,
979 3101 1094 3160 etiarnsi
1113 3100 1147 3156 in·

192 3218 291 3289 terpp.
330 3221 498 3290 provocent
522 3208 561 3270 ad
587 3231 634 3292 ep.
654 3208 830 3269 DXXXlX.
856 3207 982 3280 Malim,
1003 3228 1073 3268 cum
1093 3204 1147 3265 Cle·

194 3315 257 3374 rico
262 3357 274 3388 ,
293 3336 360 3376 cum
382 3316 522 3380 Vibullio.
590 3339 593 3344 ·

156 3417 194 3498 75
215 3423 250 3481 ln
264 3421 423 3505 Hispanias
437 3444 495 3506 pro
508 3424 630 3484 consule
643 3425 732 3484 ituro.
749 3421 799 3482 Sic
813 3423 893 3482 enim
909 3420 1084 3504 putabatur.
1098 3417 1145 3480 Ve-

191 3548 261 3586 rum
274 3549 336 3588 non
349 3531 412 3591 ivit.
434 3531 549 3592 Manat.
570 3533 618 3592 Dc
629 3530 778 3610 Pompeio
793 3531 836 3590 rei
853 3528 1072 3589 frumentariae
1084 3543 1142 3608 pro

191 3646 330 3697 curatore
344 3637 412 3698 inde
426 3637 466 3699 ab
480 3641 513 3698 Α.
529 3640 566 3700 V.
582 3639 613 3699 C.
627 3637 787 3698 DCXCVI
811 3637 875 3719 (ep.
887 3636 1087 3704 LXXXVII,
1102 3631 1143 3706 als

190 3739 272 3802 hunc
284 3743 383 3804 locum
398 3746 624 3828 intelligendum
637 3767 699 3809 csse
711 3744 822 3807 indicat
836 3743 965 3828 epistola
978 3735 1125 3805 CXLVlll
1132 3772 1139 3802 ι

194 3846 211 3904 3
232 3861 301 3928 post
321 3850 399 3912 med.
