2632 4852
546 326 582 372 ur
608 325 798 376 ertsronus
823 322 833 393 χ
1097 309 1162 381 311

171 429 210 512 75
230 427 371 490 Nonnulli
394 425 479 498 libri,
499 428 588 486 etium
610 430 721 500 nostri,
736 429 933 509 impunitatem
947 429 1101 503 scelerum
1115 433 1168 493 sed

210 557 304 620 quum
327 534 395 595 libri
427 534 565 594 meliores
591 532 723 595 habeant
749 536 947 614 impunitatem
971 537 1167 610 st=illorum,

208 664 265 726 pro
286 644 304 703 ἰ.
324 653 370 701 est
389 641 526 712 illorum,
554 640 663 722 aliqui,
694 642 745 722 qui
767 639 842 700 illud
861 660 922 701 non
943 641 1166 717 intellexerant,

207 772 265 832 pro
286 749 428 810 stillarum
449 746 584 808 fecerunt
603 746 762 820 scelerum,
781 758 815 807 ut
836 749 952 807 monuit
972 748 1134 813 Victorius.

167 857 206 939 76
227 858 263 917 T.
287 858 399 916 Annius
420 855 503 915 Milo.
526 853 603 928 Civi,
622 853 655 913 P.
678 853 792 915 Clodio.

167 987 205 1044 77
226 964 298 1023 Duo
318 959 427 1022 Ambb.
448 962 478 1020 in
498 959 612 1021 iudicio.

167 1068 206 1150 78
228 1071 309 1147 Quia
328 1069 456 1150 pecunia
476 1066 613 1148 publica,
633 1076 663 1126 et
683 1075 801 1126 senatus
821 1064 942 1128 decreto
962 1077 1164 1142 exstructum,

206 1174 349 1236 Cicerone
380 1184 497 1234 tantum
530 1173 662 1244 locante,
693 1182 723 1232 et
743 1171 876 1232 ‘aedificii
904 1175 1088 1235 curationem
1109 1174 1164 1235 ha·

205 1281 305 1342 bente.

164 1411 205 1472 79
224 1388 323 1449 Morte
343 1386 520 1467 impeditum
541 1363 618 1446 Ptin‘.
638 1384 769 1458 XXXV,
795 1406 845 1461 ¹03
866 1385 927 1446 Cic.
950 1386 1012 1450 off.
1033 1387 1094 1459 Ill,
1115 1407 1141 1446 2.

163 1494 204 1557 80
225 1492 312 1554 Amb.
333 1503 403 1554 sext.
424 1493 566 1574 relriprmm
586 1493 724 1573 corporis.

162 1600 198 1663 81
222 1601 249 1661 E
270 1603 453 1661 correctione
473 1599 613 1660 Ernestii.
636 1605 712 1659 Ante
733 1599 820 1659 illum
841 1613 1023 1681 acceperunt.

161 1707 201 1768 82
223 1706 379 1767 Schtitzius
400 1705 492 1766 verba
512 1718 555 1765 est
579 1725 644 1765 vero
668 1705 854 1786 probandum
869 1717 1084 1789 -superusset
1104 1728 1160 1767 un-

201 1815 244 1873 cis
264 1813 392 1873 inclusit.
429 1821 432 1828 '

160 1918 201 1981 83
221 1916 330 1978 Ambb.
353 1939 386 1990 2,
407 1917 590 1989 3,12,Ree.
612 1928 642 1977 et
661 1917 728 1979 edd.
750 1929 820 1980 vett.
842 1941 873 1978 se
892 1940 931 1979 se.
949 1920 1020 1979 Mox
1034 1918 1160 1993 Amhb„

201 2035 320 2107 praeter
340 2035 393 2085 ter.
414 2034 445 2084 et
465 2034 551 2095 sext,
572 2026 644 2084 item
665 2024 731 2084 edd.
746 2036 832 2098 vett,
852 2037 971 2108 praeter
992 2026 1083 2096 lens,
1097 2045 1156 2085 uno

201 2133 277 2203 cive,
296 2140 328 2191 et
346 2133 446 2192 statim
473 2143 646 2193 nostrorum
676 2131 822 2192 secundus
850 2153 973 2214 cientque
997 2129 1033 2213 Q.
1055 2131 1160 2193 Metel-

200 2239 277 2310 lum,
299 2259 369 2298 cum
389 2238 468 2300 Vict.

157 2344 199 2423 84
220 2344 312 2406 Vncis
324 2345 470 2405 inclusam
485 2365 608 2417 vocem,
621 2356 743 2405 auctore
758 2345 897 2420 Graevio,
916 2345 1026 2407 delevit
1039 2343 1157 2406 sehon.

198 2451 327 2512 Videtur
347 2453 426 2510 euim
447 2453 544 2533 posita
564 2473 582 2510 a
604 2454 745 2531 magistro
768 2472 834 2511 cum
857 2449 1024 2523 ordinibus,
1057 2462 1091 2513 ut
1112 2451 1158 2511 el-.

198 2568 347 2617 terutrum
368 2557 527 2639 legeretur.
559 2558 673 2618 Manat.
705 2558 938 2639 hominibusque,
970 2556 1077 2618 Lamb.
1103 2556 1159 2620 diis

197 2665 432 2745 leontinibruque3
451 2674 481 2723 et
502 2665 544 2724 sic
565 2684 635 2725 sane
655 2662 733 2724 infra
754 2674 798 2725 est
818 2669 836 2738 s
856 2662 891 2735 5,
912 2674 941 2725 et
960 2685 1028 2747 epp.
1043 2665 1116 2739 Cll,
1134 2687 1158 2738 t,

197 2781 227 2829 et
242 2770 323 2841 th,
341 2791 364 2828 1.
379 2769 486 2829 Melius
507 2768 671 2831 deleverim
694 2773 716 2830 si
738 2791 793 2853 per
811 2769 905 2832 libros
928 2791 996 2833 mss.
1019 2771 1129 2851 liceret.

154 2874 198 2937 85
218 2873 338 2953 Quibus
353 2897 422 2935 eum
438 2875 646 2958 splendorem,
658 2897 785 2959 eamque
799 2879 927 2959 speciem
941 2889 1035 2938 tueor.
1051 2877 1156 2938 Graec.

154 2980 197 3042 86
218 2980 328 3041 Ambb.
348 3001 452 3042 omnes
473 2981 511 3042 ed
531 3003 626 3042 unum
647 2981 852 3056 desciscerem,
881 2985 937 3044 nisl
958 2981 1042 3063 quod
1062 2983 1155 3064 aliqui
1183 3049 1186 3054 ,

196 3090 302 3149 vitiose
321 3085 487 3148 desisterem
493 3110 504 3162 ‚·
517 3087 568 3150 sed
588 3088 744 3150 Ernestius
765 3090 885 3151 volebat
905 3088 1077 3159 desciscam,
1091 3087 1156 3150 edi-

112 3260 118 3269 ,
196 3193 241 3253 dit
269 3203 371 3254 temen
401 3193 571 3269 descissem3
600 3193 711 3256 Schiitz
742 3195 899 3257 desciscere
929 3217 983 3255 me.
1015 3194 1095 3255 Man.
1126 3205 1156 3256 et

196 3300 305 3361 Graev.
338 3299 512 3362 desciveras.
544 3301 724 3383 Sequentem
757 3304 1009 3385 praepositionem
1035 3321 1056 3362 α
1079 3301 1155 3362 nulli

197 3405 266 3466 libri
287 3427 387 3488 neque
419 3407 527 3468 Ambh.
560 3409 630 3469 Rec.
655 3430 752 3490 neque
779 3409 846 3469 edd.
867 3420 938 3470 vett.
961 3419 1134 3489 agnoscunt.

152 3513 193 3596 87
214 3514 262 3573 De
284 3513 407 3576 consilio
439 3536 507 3576 meo
540 3516 755 3598 complectendi
784 3517 920 3599 Pompeii
950 3500 1154 3578 et'Cacsaris.

196 3618 320 3681 conae.

152 3725 195 3795 88
217 3725 326 3787 nmbb.
348 3748 385 3800 2,
405 3727 508 3800 6,15,
529 3728 589 3790 Zel.
611 3731 636 3789 Α
657 3740 687 3791 et
708 3731 774 3791 edd.
796 3731 874 3793 Med.
898 3732 957 3792 len.
979 3730 1051 3791 Min.
1070 3751 1155 3790 uum-

193 3852 285 3915 quam
302 3846 421 3914 postea,
433 3836 458 3905 i,·
472 3846 536 3895 tum
551 3835 571 3894 6
585 3846 614 3895 et
629 3859 645 3917 7
661 3858 730 3896 cum
746 3837 791 3897 ed.
806 3838 862 3898 Ro.
882 3838 1059 3919 interruptus
1079 3849 1108 3898 et
1125 3856 1153 3898 a.
