2632 4852
160 322 232 397 236
501 323 671 391 rrrsrom
695 341 817 390 ccxxv.
937 341 968 391 t.
981 345 1015 392 v.
1035 346 1065 393 c.
1083 359 1129 406 μ.

157 447 212 548 le,
236 471 282 518 ne
298 463 332 544 a,
356 471 464 546 quum
488 444 643 542 veneris,
675 467 747 516 non
778 441 908 516 habeas
932 443 1024 543 iam,
1058 447 1154 547 quod

158 596 278 646 cures:
314 572 364 644 ita
397 582 479 642 sunt
511 569 629 642 omnia
665 567 844 641 debilitata
877 581 914 641 et
944 595 1060 671 prope
1081 573 1153 647 iam

158 698 328 770 exstincta
354 710 395 767 ¹⁰.
427 694 497 770 Sed
526 693 614 767 baec
645 694 722 794 ipsa
747 693 887 793 nescio,
919 707 1061 768 rectene
1086 698 1155 771 sint

156 818 264 895 literis
289 822 482 895 commissa.
507 820 625 913 Quare
650 831 766 893 cetera
794 844 989 919 cognosces.
1009 847 1053 894 ex
1069 821 1155 896 aliis.

157 947 213 1020 Tu
238 960 373 1046 tamen,
405 947 481 1021 sive
512 945 621 1019 habes
650 944 804 1049 aliquam
828 970 929 1046 spem
954 944 1062 1053 dere
1087 923 1152 1047 pu-

156 1070 270 1171 bliea,
294 1073 368 1146 sive
394 1072 575 1173 desperas,
607 1097 648 1144 ea
676 1097 779 1171 para,
804 1068 991 1171 meditare,
1015 1074 1152 1172 cogita,

158 1223 247 1297 quae
272 1224 346 1272 esse
379 1199 416 1270 in
449 1223 491 1271 eo
523 1199 592 1271 civi
610 1212 638 1248 ¹¹
665 1222 706 1270 ae
738 1197 815 1270 viro
842 1196 993 1296 debent,
1024 1201 1084 1302 qui
1109 1201 1154 1272 sit

157 1349 232 1395 rem
256 1322 434 1421 publicam
460 1320 630 1395 afflictam·
642 1337 678 1394 et
694 1347 899 1421 oppressam
914 1323 1052 1396 miseris
1069 1336 1153 1396 tem·

157 1447 319 1548 poribus,
355 1475 397 1521 ac
428 1449 575 1549 perditis
606 1447 762 1522 moribus
781 1463 822 1547 ¹²,
851 1448 889 1520 in
918 1462 1077 1527 veterem
1099 1449 1150 1522 di·

161 1573 330 1671 gnitatem
354 1599 396 1647 ae
420 1567 618 1649 libertatem
637 1575 667 1626 ¹³
691 1572 938 1648 vindicamus.

552 1822 750 1899 CLXXVI.
794 1824 797 1829 ’
907 1863 1029 1924 (sana.
1042 1863 1129 1925 vm)

156 1997 375 2077 Argumentum.
407 2000 537 2060 Excusat
567 2001 738 2063 tarditatem
765 2001 942 2071 literarum,
968 2010 999 2059 et
1020 1998 1147 2060 Sextium

196 2104 354 2178 hortatur,
374 2118 409 2167 ut
428 2111 577 2190 sapienter
597 2118 626 2169 et
646 2107 762 2169 fortiter
782 2106 918 2168 exsilium
939 2106 1027 2168 ferat.

360 2310 413 2365 Scr.
432 2309 526 2365 Romae
545 2314 576 2367 A.
593 2308 626 2366 V.
644 2313 673 2368 C.
690 2307 857 2383 probabiliter
874 2309 952 2366 DCC.

301 2495 345 2563 u.
369 2495 513 2564 omaso
538 2496 572 2563 r.
597 2495 743 2564 saxr10
767 2500 801 2564 r.
826 2469 887 2564 a·
912 2500 944 2564 s.
967 2495 1008 2564 a.

204 2682 286 2756 Non
311 2684 485 2760 obliiione
511 2685 682 2760 amicitiae
707 2698 871 2785 nostrae,
906 2711 1023 2788 neque
1048 2689 1150 2760 inter·

156 2807 320 2882 missione
353 2807 613 2885 consuetudinis
645 2833 764 2911 meae,
795 2811 1036 2912 superioribus
1066 2826 1150 2885 tem-

155 2934 300 3036 poribus
326 2935 372 3009 ad
397 2950 432 3009 te
457 2936 569 3011 nullas
594 2934 710 3035 literas
731 2936 824 3036 misi3
841 2937 904 3010 sed
920 2937 1021 3038 quod
1038 2938 1150 3038 priora

154 3072 314 3164 'tempora
339 3063 377 3134 in
401 3059 513 3137 ruinis
534 3064 584 3137 rei
608 3063 769 3164 publicae
794 3064 1022 3164 nostrisque¹
1038 3065 1150 3136 iacue-

155 3198 253 3288 runt,
277 3188 471 3288 posteriora
497 3204 614 3263 autem
639 3215 695 3261 me
721 3215 741 3261 a
766 3186 954 3261 scribendo
980 3190 1051 3262 tuis
1067 3187 1151 3261 iniu-

156 3313 314 3386 stissimis
339 3326 443 3415 atque
469 3314 697 3388 acerbissimis
720 3312 983 3388 incommodet
1000 3311 1151 3388 retarda-

155 3451 245 3510 runt.
267 3442 387 3533 Quum
412 3466 495 3514 vero
521 3456 557 3513 et
580 3439 803 3515 intervallum
819 3441 888 3514 iam
905 3441 991 3514 satis
1008 3440 1148 3540 longam

155 3561 292 3664 fuisset,
308 3577 345 3638 et
363 3580 459 3640 tuam
484 3568 649 3642 virtutem
674 3568 848 3669 anirnique
873 3566 1146 3664 magnitudinem

158 3686 354 3788 diligentius
380 3718 489 3766 essem
513 3719 653 3766 mecum
677 3692 898 3791 recordatus3
930 3717 1006 3764 non
1031 3685 1144 3792 putavi

157 3839 231 3886 esse
257 3814 406 3892 alienum
431 3822 597 3894 institutis
622 3821 725 3917 meis,
750 3820 836 3894 haec
862 3815 908 3892 ad
934 3832 971 3890 te
991 3817 1139 3893 scribere.
