<?xml version="1.0" encoding="UTF-8"?>
<!DOCTYPE html PUBLIC "-//W3C//DTD XHTML 1.0 Transitional//EN"
    "http://www.w3.org/TR/xhtml1/DTD/xhtml1-transitional.dtd">
<html xmlns="http://www.w3.org/1999/xhtml" xml:lang="en" lang="en">
 <head>
  <title>
</title>
<meta http-equiv="Content-Type" content="text/html;charset=utf-8" />
  <meta name='ocr-system' content='tesseract 3.04.00' />
  <meta name='ocr-capabilities' content='ocr_page ocr_carea ocr_par ocr_line ocrx_word'/>
</head>
<body>
  <div class='ocr_page' id='page_1' title='image "./mtulliiciceroni57cicegoog/mtulliiciceroni57cicegoog_0019.png"; bbox 0 0 2632 4852; ppageno 0'>
   <div class='ocr_carea' id='block_1_1' title="bbox 96 333 1189 3434">
    <p class='ocr_par' dir='ltr' id='par_1_1' title="bbox 96 333 1189 3056">
     <span class='ocr_line' id='line_1_1' title="bbox 96 333 1127 399; baseline -0.003 -12"><span class='ocrx_word' id='word_1_1' title='bbox 96 350 99 358; x_wconf 72' lang='lat'><em>=</em></span> <span class='ocrx_word' id='word_1_2' title='bbox 162 339 205 387; x_wconf 83' lang='lat' dir='ltr'>ro</span> <span class='ocrx_word' id='word_1_3' title='bbox 507 335 679 385; x_wconf 78' lang='lat' dir='ltr'>rarsrom</span> <span class='ocrx_word' id='word_1_4' title='bbox 704 335 815 383; x_wconf 76' lang='lat' dir='ltr'>cxxxi.</span> <span class='ocrx_word' id='word_1_5' title='bbox 931 333 961 383; x_wconf 74' lang='lat' dir='ltr'>s.</span> <span class='ocrx_word' id='word_1_6' title='bbox 982 337 1127 399; x_wconf 43' lang='lat' dir='ltr'>arnapa</span> 
     </span>
     <span class='ocr_line' id='line_1_2' title="bbox 157 437 1152 539; baseline 0 -28"><span class='ocrx_word' id='word_1_7' title='bbox 157 440 289 511; x_wconf 88' lang='lat' dir='ltr'>tionem</span> <span class='ocrx_word' id='word_1_8' title='bbox 320 462 386 537; x_wconf 84' lang='lat' dir='ltr'>pro</span> <span class='ocrx_word' id='word_1_9' title='bbox 419 437 581 511; x_wconf 89' lang='lat' dir='ltr'>omnibus</span> <span class='ocrx_word' id='word_1_10' title='bbox 615 438 827 511; x_wconf 81' lang='lat' dir='ltr'><strong>ornamentis</strong></span> <span class='ocrx_word' id='word_1_11' title='bbox 852 437 941 534; x_wconf 75' lang='lat' dir='ltr'>tuis,</span> <span class='ocrx_word' id='word_1_12' title='bbox 973 440 1152 539; x_wconf 80' lang='lat' dir='ltr'>veterique</span> 
     </span>
     <span class='ocr_line' id='line_1_3' title="bbox 156 561 1189 661; baseline 0.003 -24"><span class='ocrx_word' id='word_1_13' title='bbox 156 577 297 638; x_wconf 88' lang='lat' dir='ltr'>nostrae</span> <span class='ocrx_word' id='word_1_14' title='bbox 319 561 595 637; x_wconf 81' lang='lat' dir='ltr'>necessitudinil</span> <span class='ocrx_word' id='word_1_15' title='bbox 618 563 748 636; x_wconf 90' lang='lat' dir='ltr'>iamdiu</span> <span class='ocrx_word' id='word_1_16' title='bbox 775 562 950 661; x_wconf 86' lang='lat' dir='ltr'>debitum,</span> <span class='ocrx_word' id='word_1_17' title='bbox 963 564 1026 636; x_wconf 90' lang='lat' dir='ltr'>sed</span> <span class='ocrx_word' id='word_1_18' title='bbox 1042 564 1152 636; x_wconf 83' lang='lat' dir='ltr'>multa</span> <span class='ocrx_word' id='word_1_19' title='bbox 1186 634 1189 640; x_wconf 87' lang='lat'>.</span> 
     </span>
     <span class='ocr_line' id='line_1_4' title="bbox 157 688 1152 790; baseline -0.004 -27"><span class='ocrx_word' id='word_1_20' title='bbox 157 690 323 764; x_wconf 79' lang='lat' dir='ltr'>varietate</span> <span class='ocrx_word' id='word_1_21' title='bbox 348 703 546 790; x_wconf 89' lang='lat' dir='ltr'>temporum</span> <span class='ocrx_word' id='word_1_22' title='bbox 571 690 837 788; x_wconf 82' lang='lat' dir='ltr'>interruptum⁵</span> <span class='ocrx_word' id='word_1_23' title='bbox 863 688 1018 761; x_wconf 87' lang='lat' dir='ltr'>officium</span> <span class='ocrx_word' id='word_1_24' title='bbox 1036 715 1152 762; x_wconf 91' lang='lat' dir='ltr'>cumu-</span> 
     </span>
     <span class='ocr_line' id='line_1_5' title="bbox 156 813 1153 915; baseline -0.005 -26"><span class='ocrx_word' id='word_1_25' title='bbox 156 815 226 889; x_wconf 89' lang='lat' dir='ltr'>late</span> <span class='ocrx_word' id='word_1_26' title='bbox 250 813 397 888; x_wconf 89' lang='lat' dir='ltr'>reddidi.</span> <span class='ocrx_word' id='word_1_27' title='bbox 429 814 550 915; x_wconf 85' lang='lat' dir='ltr'>Neque</span> <span class='ocrx_word' id='word_1_28' title='bbox 575 813 772 887; x_wconf 84' lang='lat' dir='ltr'>mehercule</span> <span class='ocrx_word' id='word_1_29' title='bbox 797 839 963 914; x_wconf 90' lang='lat' dir='ltr'>umquam</span> <span class='ocrx_word' id='word_1_30' title='bbox 988 813 1077 885; x_wconf 86' lang='lat' dir='ltr'>mihi</span> <span class='ocrx_word' id='word_1_31' title='bbox 1102 817 1153 885; x_wconf 88' lang='lat' dir='ltr'>tui</span> 
     </span>
     <span class='ocr_line' id='line_1_6' title="bbox 157 939 1154 1039; baseline -0.007 -20"><span class='ocrx_word' id='word_1_32' title='bbox 157 954 217 1019; x_wconf 80' lang='lat' dir='ltr'>aut</span> <span class='ocrx_word' id='word_1_33' title='bbox 250 939 409 1039; x_wconf 89' lang='lat' dir='ltr'>colendi,</span> <span class='ocrx_word' id='word_1_34' title='bbox 446 953 506 1012; x_wconf 86' lang='lat' dir='ltr'>aut</span> <span class='ocrx_word' id='word_1_35' title='bbox 538 940 686 1013; x_wconf 88' lang='lat' dir='ltr'>ornandi</span> <span class='ocrx_word' id='word_1_36' title='bbox 723 939 887 1013; x_wconf 85' lang='lat' dir='ltr'>voluntas</span> <span class='ocrx_word' id='word_1_37' title='bbox 924 939 1053 1038; x_wconf 73' lang='lat' dir='ltr'>defuit,</span> <span class='ocrx_word' id='word_1_38' title='bbox 1092 939 1154 1013; x_wconf 83' lang='lat' dir='ltr'>sad</span> 
     </span>
     <span class='ocr_line' id='line_1_7' title="bbox 157 1065 1153 1170; baseline -0.005 -28"><span class='ocrx_word' id='word_1_39' title='bbox 157 1068 329 1170; x_wconf 90' lang='lat' dir='ltr'>quaedam</span> <span class='ocrx_word' id='word_1_40' title='bbox 345 1081 461 1169; x_wconf 89' lang='lat' dir='ltr'>pestes</span> <span class='ocrx_word' id='word_1_41' title='bbox 477 1067 676 1167; x_wconf 91' lang='lat' dir='ltr'>hominum,</span> <span class='ocrx_word' id='word_1_42' title='bbox 691 1065 794 1139; x_wconf 87' lang='lat' dir='ltr'>laude</span> <span class='ocrx_word' id='word_1_43' title='bbox 814 1065 925 1138; x_wconf 88' lang='lat' dir='ltr'>aliena</span> <span class='ocrx_word' id='word_1_44' title='bbox 946 1065 1153 1163; x_wconf 80' lang='lat' dir='ltr'>dolentium,</span> 
     </span>
     <span class='ocr_line' id='line_1_8' title="bbox 158 1191 1152 1296; baseline -0.001 -30"><span class='ocrx_word' id='word_1_45' title='bbox 158 1208 194 1267; x_wconf 85' lang='lat' dir='ltr'>et</span> <span class='ocrx_word' id='word_1_46' title='bbox 218 1207 253 1267; x_wconf 90' lang='lat' dir='ltr'>te</span> <span class='ocrx_word' id='word_1_47' title='bbox 278 1213 543 1296; x_wconf 84' lang='lat' dir='ltr'>nonnumquam</span> <span class='ocrx_word' id='word_1_48' title='bbox 576 1221 596 1266; x_wconf 88' lang='lat' dir='ltr'>a</span> <span class='ocrx_word' id='word_1_49' title='bbox 626 1220 683 1266; x_wconf 88' lang='lat' dir='ltr'>me</span> <span class='ocrx_word' id='word_1_50' title='bbox 713 1191 925 1290; x_wconf 87' lang='lat' dir='ltr'>alienarunt,</span> <span class='ocrx_word' id='word_1_51' title='bbox 950 1206 986 1265; x_wconf 90' lang='lat' dir='ltr'>et</span> <span class='ocrx_word' id='word_1_52' title='bbox 1009 1218 1065 1264; x_wconf 93' lang='lat' dir='ltr'>me</span> <span class='ocrx_word' id='word_1_53' title='bbox 1092 1192 1152 1265; x_wconf 86' lang='lat' dir='ltr'>ali-</span> 
     </span>
     <span class='ocr_line' id='line_1_9' title="bbox 160 1318 1153 1421; baseline 0 -29"><span class='ocrx_word' id='word_1_54' title='bbox 160 1319 302 1421; x_wconf 91' lang='lat' dir='ltr'>quando</span> <span class='ocrx_word' id='word_1_55' title='bbox 339 1321 603 1394; x_wconf 81' lang='lat' dir='ltr'>immutarunt6</span> <span class='ocrx_word' id='word_1_56' title='bbox 639 1318 712 1392; x_wconf 92' lang='lat' dir='ltr'>tibi.</span> <span class='ocrx_word' id='word_1_57' title='bbox 745 1319 815 1392; x_wconf 88' lang='lat' dir='ltr'>Sed</span> <span class='ocrx_word' id='word_1_58' title='bbox 851 1320 983 1392; x_wconf 83' lang='lat' dir='ltr'>exstitit</span> <span class='ocrx_word' id='word_1_59' title='bbox 1018 1335 1153 1421; x_wconf 85' lang='lat' dir='ltr'>tempus</span> 
     </span>
     <span class='ocr_line' id='line_1_10' title="bbox 158 1443 1153 1547; baseline -0.002 -28"><span class='ocrx_word' id='word_1_60' title='bbox 158 1459 351 1547; x_wconf 71' lang='lat' dir='ltr'>optatum?</span> <span class='ocrx_word' id='word_1_61' title='bbox 376 1446 462 1518; x_wconf 89' lang='lat' dir='ltr'>mihi</span> <span class='ocrx_word' id='word_1_62' title='bbox 488 1447 617 1545; x_wconf 82' lang='lat' dir='ltr'>magis,</span> <span class='ocrx_word' id='word_1_63' title='bbox 649 1472 754 1547; x_wconf 90' lang='lat' dir='ltr'>quam</span> <span class='ocrx_word' id='word_1_64' title='bbox 788 1458 982 1544; x_wconf 89' lang='lat' dir='ltr'>speratum,</span> <span class='ocrx_word' id='word_1_65' title='bbox 1007 1458 1064 1544; x_wconf 84' lang='lat' dir='ltr'>ut,</span> <span class='ocrx_word' id='word_1_66' title='bbox 1088 1443 1153 1518; x_wconf 86' lang='lat' dir='ltr'>flo-</span> 
     </span>
     <span class='ocr_line' id='line_1_11' title="bbox 158 1571 1155 1671; baseline -0.002 -27"><span class='ocrx_word' id='word_1_67' title='bbox 158 1573 363 1645; x_wconf 86' lang='lat' dir='ltr'>rentissimis</span> <span class='ocrx_word' id='word_1_68' title='bbox 389 1572 457 1644; x_wconf 87' lang='lat' dir='ltr'>tuis</span> <span class='ocrx_word' id='word_1_69' title='bbox 483 1571 603 1671; x_wconf 90' lang='lat' dir='ltr'>rebus,</span> <span class='ocrx_word' id='word_1_70' title='bbox 626 1594 705 1644; x_wconf 88' lang='lat' dir='ltr'>mea</span> <span class='ocrx_word' id='word_1_71' title='bbox 729 1572 881 1670; x_wconf 85' lang='lat' dir='ltr'>perspici</span> <span class='ocrx_word' id='word_1_72' title='bbox 897 1584 1018 1670; x_wconf 88' lang='lat' dir='ltr'>posset</span> <span class='ocrx_word' id='word_1_73' title='bbox 1035 1584 1071 1642; x_wconf 88' lang='lat' dir='ltr'>et</span> <span class='ocrx_word' id='word_1_74' title='bbox 1086 1594 1155 1642; x_wconf 86' lang='lat' dir='ltr'>me·</span> 
     </span>
     <span class='ocr_line' id='line_1_12' title="bbox 158 1695 1155 1796; baseline -0.007 -23"><span class='ocrx_word' id='word_1_75' title='bbox 158 1700 269 1773; x_wconf 86' lang='lat' dir='ltr'>moria</span> <span class='ocrx_word' id='word_1_76' title='bbox 294 1711 434 1772; x_wconf 85' lang='lat' dir='ltr'>nostrae</span> <span class='ocrx_word' id='word_1_77' title='bbox 459 1697 665 1796; x_wconf 84' lang='lat' dir='ltr'>voluntatis,</span> <span class='ocrx_word' id='word_1_78' title='bbox 690 1711 727 1771; x_wconf 91' lang='lat' dir='ltr'>et</span> <span class='ocrx_word' id='word_1_79' title='bbox 751 1697 923 1769; x_wconf 81' lang='lat' dir='ltr'>amicitiae</span> <span class='ocrx_word' id='word_1_80' title='bbox 948 1695 1044 1768; x_wconf 89' lang='lat' dir='ltr'>fides.</span> <span class='ocrx_word' id='word_1_81' title='bbox 1072 1697 1155 1767; x_wconf 88' lang='lat' dir='ltr'>Sum</span> 
     </span>
     <span class='ocr_line' id='line_1_13' title="bbox 159 1821 1156 1927; baseline -0.004 -30"><span class='ocrx_word' id='word_1_82' title='bbox 159 1826 253 1916; x_wconf 89' lang='lat' dir='ltr'>enim</span> <span class='ocrx_word' id='word_1_83' title='bbox 278 1838 503 1923; x_wconf 89' lang='lat' dir='ltr'>consecutus,</span> <span class='ocrx_word' id='word_1_84' title='bbox 528 1847 602 1927; x_wconf 75' lang='lat' dir='ltr'>nep</span> <span class='ocrx_word' id='word_1_85' title='bbox 625 1822 734 1896; x_wconf 90' lang='lat' dir='ltr'>modo</span> <span class='ocrx_word' id='word_1_86' title='bbox 759 1837 801 1894; x_wconf 84' lang='lat' dir='ltr'>ut</span> <span class='ocrx_word' id='word_1_87' title='bbox 825 1821 949 1895; x_wconf 86' lang='lat' dir='ltr'>domus</span> <span class='ocrx_word' id='word_1_88' title='bbox 977 1835 1038 1892; x_wconf 89' lang='lat' dir='ltr'>tua</span> <span class='ocrx_word' id='word_1_89' title='bbox 1064 1835 1156 1918; x_wconf 85' lang='lat' dir='ltr'>tota,</span> 
     </span>
     <span class='ocr_line' id='line_1_14' title="bbox 159 1947 1156 2024; baseline -0.005 -1"><span class='ocrx_word' id='word_1_90' title='bbox 159 1950 223 2024; x_wconf 90' lang='lat' dir='ltr'>sed</span> <span class='ocrx_word' id='word_1_91' title='bbox 247 1964 288 2023; x_wconf 92' lang='lat' dir='ltr'>ut</span> <span class='ocrx_word' id='word_1_92' title='bbox 321 1964 448 2023; x_wconf 85' lang='lat' dir='ltr'>cuncta</span> <span class='ocrx_word' id='word_1_93' title='bbox 481 1951 603 2022; x_wconf 76' lang='lat' dir='ltr'>civitas</span> <span class='ocrx_word' id='word_1_94' title='bbox 634 1974 693 2021; x_wconf 91' lang='lat' dir='ltr'>me</span> <span class='ocrx_word' id='word_1_95' title='bbox 719 1947 785 2020; x_wconf 91' lang='lat' dir='ltr'>tibi</span> <span class='ocrx_word' id='word_1_96' title='bbox 809 1947 1057 2020; x_wconf 87' lang='lat' dir='ltr'>amicissimum</span> <span class='ocrx_word' id='word_1_97' title='bbox 1082 1971 1156 2018; x_wconf 90' lang='lat' dir='ltr'>esse</span> 
     </span>
     <span class='ocr_line' id='line_1_15' title="bbox 160 2072 1158 2178; baseline -0.008 -27"><span class='ocrx_word' id='word_1_98' title='bbox 160 2089 394 2177; x_wconf 86' lang='lat' dir='ltr'>cognosceret.</span> <span class='ocrx_word' id='word_1_99' title='bbox 421 2078 545 2178; x_wconf 85' lang='lat' dir='ltr'>Itaque</span> <span class='ocrx_word' id='word_1_100' title='bbox 571 2089 607 2149; x_wconf 91' lang='lat' dir='ltr'>et</span> <span class='ocrx_word' id='word_1_101' title='bbox 624 2073 921 2176; x_wconf 85' lang='lat' dir='ltr'>praestantissima</span> <span class='ocrx_word' id='word_1_102' title='bbox 939 2074 1095 2146; x_wconf 89' lang='lat' dir='ltr'>omnium</span> <span class='ocrx_word' id='word_1_103' title='bbox 1112 2072 1158 2144; x_wconf 88' lang='lat' dir='ltr'>fe-</span> 
     </span>
     <span class='ocr_line' id='line_1_16' title="bbox 158 2200 1157 2302; baseline -0.01 -24"><span class='ocrx_word' id='word_1_104' title='bbox 158 2205 346 2302; x_wconf 89' lang='lat' dir='ltr'>minarum,</span> <span class='ocrx_word' id='word_1_105' title='bbox 372 2228 461 2276; x_wconf 87' lang='lat' dir='ltr'>uxor</span> <span class='ocrx_word' id='word_1_106' title='bbox 486 2217 548 2274; x_wconf 86' lang='lat' dir='ltr'>tua</span> <span class='ocrx_word' id='word_1_107' title='bbox 565 2203 592 2300; x_wconf 82' lang='lat'>⁸,</span> <span class='ocrx_word' id='word_1_108' title='bbox 618 2214 654 2274; x_wconf 87' lang='lat' dir='ltr'>et</span> <span class='ocrx_word' id='word_1_109' title='bbox 679 2201 803 2273; x_wconf 88' lang='lat' dir='ltr'>eximia</span> <span class='ocrx_word' id='word_1_110' title='bbox 836 2201 983 2300; x_wconf 87' lang='lat' dir='ltr'>pietate,</span> <span class='ocrx_word' id='word_1_111' title='bbox 1011 2200 1157 2296; x_wconf 88' lang='lat' dir='ltr'>virtute,</span> 
     </span>
     <span class='ocr_line' id='line_1_17' title="bbox 160 2324 1157 2427; baseline -0.005 -26"><span class='ocrx_word' id='word_1_112' title='bbox 160 2331 286 2427; x_wconf 85' lang='lat' dir='ltr'>gratia,</span> <span class='ocrx_word' id='word_1_113' title='bbox 309 2329 362 2399; x_wconf 88' lang='lat' dir='ltr'>tui</span> <span class='ocrx_word' id='word_1_114' title='bbox 387 2329 502 2400; x_wconf 87' lang='lat' dir='ltr'>Crassi</span> <span class='ocrx_word' id='word_1_115' title='bbox 516 2345 532 2391; x_wconf 85' lang='lat'><strong>9</strong></span> <span class='ocrx_word' id='word_1_116' title='bbox 548 2329 635 2397; x_wconf 90' lang='lat' dir='ltr'>meis</span> <span class='ocrx_word' id='word_1_117' title='bbox 660 2326 828 2424; x_wconf 91' lang='lat' dir='ltr'>consiliis,</span> <span class='ocrx_word' id='word_1_118' title='bbox 845 2325 1003 2422; x_wconf 89' lang='lat' dir='ltr'>monitis,</span> <span class='ocrx_word' id='word_1_119' title='bbox 1020 2324 1157 2422; x_wconf 85' lang='lat' dir='ltr'>studiis,</span> 
     </span>
     <span class='ocr_line' id='line_1_18' title="bbox 161 2448 1155 2552; baseline -0.005 -27"><span class='ocrx_word' id='word_1_120' title='bbox 161 2451 426 2552; x_wconf 81' lang='lat' dir='ltr'>actionibusque</span> <span class='ocrx_word' id='word_1_121' title='bbox 450 2451 611 2522; x_wconf 87' lang='lat' dir='ltr'>nituntur</span> <span class='ocrx_word' id='word_1_122' title='bbox 629 2467 677 2522; x_wconf 85' lang='lat'>¹⁰:</span> <span class='ocrx_word' id='word_1_123' title='bbox 709 2463 746 2522; x_wconf 86' lang='lat' dir='ltr'>et</span> <span class='ocrx_word' id='word_1_124' title='bbox 770 2464 910 2524; x_wconf 85' lang='lat' dir='ltr'>senatus</span> <span class='ocrx_word' id='word_1_125' title='bbox 935 2448 1155 2550; x_wconf 87' lang='lat' dir='ltr'>populusque</span> 
     </span>
     <span class='ocr_line' id='line_1_19' title="bbox 159 2575 1158 2675; baseline -0.004 -25"><span class='ocrx_word' id='word_1_126' title='bbox 159 2577 337 2652; x_wconf 87' lang='lat' dir='ltr'>Romanus</span> <span class='ocrx_word' id='word_1_127' title='bbox 370 2576 557 2675; x_wconf 82' lang='lat' dir='ltr'>intelligit,</span> <span class='ocrx_word' id='word_1_128' title='bbox 592 2575 657 2648; x_wconf 87' lang='lat' dir='ltr'>tihi</span> <span class='ocrx_word' id='word_1_129' title='bbox 690 2575 826 2649; x_wconf 83' lang='lat' dir='ltr'>absenti</span> <span class='ocrx_word' id='word_1_130' title='bbox 857 2576 944 2648; x_wconf 91' lang='lat' dir='ltr'>nihil</span> <span class='ocrx_word' id='word_1_131' title='bbox 976 2601 1051 2649; x_wconf 92' lang='lat' dir='ltr'>esse</span> <span class='ocrx_word' id='word_1_132' title='bbox 1086 2589 1158 2648; x_wconf 88' lang='lat' dir='ltr'>tam</span> 
     </span>
     <span class='ocr_line' id='line_1_20' title="bbox 159 2699 1157 2803; baseline -0.006 -27"><span class='ocrx_word' id='word_1_133' title='bbox 159 2717 360 2803; x_wconf 90' lang='lat' dir='ltr'>promtum,</span> <span class='ocrx_word' id='word_1_134' title='bbox 398 2715 458 2775; x_wconf 89' lang='lat' dir='ltr'>aut</span> <span class='ocrx_word' id='word_1_135' title='bbox 490 2715 564 2774; x_wconf 87' lang='lat' dir='ltr'>tam</span> <span class='ocrx_word' id='word_1_136' title='bbox 596 2715 776 2800; x_wconf 87' lang='lat' dir='ltr'>paratum,</span> <span class='ocrx_word' id='word_1_137' title='bbox 801 2727 905 2802; x_wconf 89' lang='lat' dir='ltr'>quam</span> <span class='ocrx_word' id='word_1_138' title='bbox 930 2702 968 2773; x_wconf 90' lang='lat' dir='ltr'>in</span> <span class='ocrx_word' id='word_1_139' title='bbox 994 2699 1157 2773; x_wconf 81' lang='lat' dir='ltr'>omnibus</span> 
     </span>
     <span class='ocr_line' id='line_1_21' title="bbox 160 2827 1158 2930; baseline -0.004 -28"><span class='ocrx_word' id='word_1_140' title='bbox 160 2829 280 2929; x_wconf 89' lang='lat' dir='ltr'>rebus,</span> <span class='ocrx_word' id='word_1_141' title='bbox 313 2855 401 2930; x_wconf 85' lang='lat' dir='ltr'>quae</span> <span class='ocrx_word' id='word_1_142' title='bbox 434 2827 480 2901; x_wconf 92' lang='lat' dir='ltr'>ad</span> <span class='ocrx_word' id='word_1_143' title='bbox 511 2843 547 2900; x_wconf 90' lang='lat' dir='ltr'>te</span> <span class='ocrx_word' id='word_1_144' title='bbox 579 2830 810 2928; x_wconf 85' lang='lat' dir='ltr'>pertineant,</span> <span class='ocrx_word' id='word_1_145' title='bbox 828 2853 989 2927; x_wconf 79' lang='lat' dir='ltr'>operam,</span> <span class='ocrx_word' id='word_1_146' title='bbox 1022 2852 1158 2924; x_wconf 88' lang='lat' dir='ltr'>curam,</span> 
     </span>
     <span class='ocr_line' id='line_1_22' title="bbox 162 2955 808 3056; baseline -0.005 -28"><span class='ocrx_word' id='word_1_147' title='bbox 162 2955 392 3056; x_wconf 77' lang='lat' dir='ltr'>diligentiam,</span> <span class='ocrx_word' id='word_1_148' title='bbox 418 2956 662 3029; x_wconf 84' lang='lat' dir='ltr'>auctoritatem</span> <span class='ocrx_word' id='word_1_149' title='bbox 685 2981 808 3027; x_wconf 88' lang='lat' dir='ltr'>meam.</span> 
     </span>
    </p>

    <p class='ocr_par' dir='ltr' id='par_1_2' title="bbox 123 3078 1159 3434">
     <span class='ocr_line' id='line_1_23' title="bbox 211 3078 1158 3182; baseline -0.003 -27"><span class='ocrx_word' id='word_1_150' title='bbox 211 3109 232 3155; x_wconf 90' lang='lat'>2</span> <span class='ocrx_word' id='word_1_151' title='bbox 259 3083 359 3174; x_wconf 89' lang='lat' dir='ltr'>Quae</span> <span class='ocrx_word' id='word_1_152' title='bbox 384 3083 455 3155; x_wconf 85' lang='lat' dir='ltr'>sint</span> <span class='ocrx_word' id='word_1_153' title='bbox 479 3094 555 3156; x_wconf 86' lang='lat' dir='ltr'>acta</span> <span class='ocrx_word' id='word_1_154' title='bbox 563 3136 574 3180; x_wconf 93' lang='lat'>,</span> <span class='ocrx_word' id='word_1_155' title='bbox 604 3102 761 3182; x_wconf 88' lang='lat' dir='ltr'>quaeque</span> <span class='ocrx_word' id='word_1_156' title='bbox 794 3092 956 3179; x_wconf 85' lang='lat' dir='ltr'>agantur,</span> <span class='ocrx_word' id='word_1_157' title='bbox 989 3078 1158 3153; x_wconf 89' lang='lat' dir='ltr'>domesti-</span> 
     </span>
     <span class='ocr_line' id='line_1_24' title="bbox 162 3207 1159 3307; baseline -0.003 -26"><span class='ocrx_word' id='word_1_158' title='bbox 162 3232 283 3282; x_wconf 85' lang='lat' dir='ltr'>corum</span> <span class='ocrx_word' id='word_1_159' title='bbox 307 3207 372 3281; x_wconf 81' lang='lat' dir='ltr'>tibi</span> <span class='ocrx_word' id='word_1_160' title='bbox 395 3207 504 3282; x_wconf 86' lang='lat' dir='ltr'>literis</span> <span class='ocrx_word' id='word_1_161' title='bbox 531 3207 698 3281; x_wconf 88' lang='lat' dir='ltr'>declarari</span> <span class='ocrx_word' id='word_1_162' title='bbox 723 3221 819 3307; x_wconf 88' lang='lat' dir='ltr'>puto.</span> <span class='ocrx_word' id='word_1_163' title='bbox 850 3209 985 3280; x_wconf 89' lang='lat' dir='ltr'>Deme</span> <span class='ocrx_word' id='word_1_164' title='bbox 1010 3207 1061 3278; x_wconf 91' lang='lat' dir='ltr'>sic</span> <span class='ocrx_word' id='word_1_165' title='bbox 1086 3207 1159 3279; x_wconf 87' lang='lat' dir='ltr'>exi-</span> 
     </span>
     <span class='ocr_line' id='line_1_25' title="bbox 123 3324 1159 3434; baseline -0.003 -27"><span class='ocrx_word' id='word_1_166' title='bbox 123 3324 142 3339; x_wconf 46' lang='lat'><em>*</em></span> <span class='ocrx_word' id='word_1_167' title='bbox 161 3335 296 3429; x_wconf 86' lang='lat' dir='ltr'>stimes,</span> <span class='ocrx_word' id='word_1_168' title='bbox 315 3361 355 3406; x_wconf 92' lang='lat' dir='ltr'>ac</span> <span class='ocrx_word' id='word_1_169' title='bbox 380 3333 446 3406; x_wconf 86' lang='lat' dir='ltr'>tibi</span> <span class='ocrx_word' id='word_1_170' title='bbox 469 3333 679 3434; x_wconf 89' lang='lat' dir='ltr'>persuadeas</span> <span class='ocrx_word' id='word_1_171' title='bbox 704 3333 928 3406; x_wconf 85' lang='lat' dir='ltr'>vehementer</span> <span class='ocrx_word' id='word_1_172' title='bbox 943 3331 1068 3431; x_wconf 87' lang='lat' dir='ltr'>velim,</span> <span class='ocrx_word' id='word_1_173' title='bbox 1085 3358 1159 3405; x_wconf 91' lang='lat' dir='ltr'>non</span> 
     </span>
    </p>
   </div>
   <div class='ocr_carea' id='block_1_2' title="bbox 160 3456 1158 3564">
    <p class='ocr_par' dir='ltr' id='par_1_3' title="bbox 160 3456 1158 3564">
     <span class='ocr_line' id='line_1_26' title="bbox 160 3456 1158 3564; baseline -0.003 -32"><span class='ocrx_word' id='word_1_174' title='bbox 160 3487 217 3533; x_wconf 90' lang='lat' dir='ltr'>me</span> <span class='ocrx_word' id='word_1_175' title='bbox 242 3461 424 3562; x_wconf 90' lang='lat' dir='ltr'>repentina</span> <span class='ocrx_word' id='word_1_176' title='bbox 459 3460 574 3564; x_wconf 86' lang='lat' dir='ltr'>aliqua</span> <span class='ocrx_word' id='word_1_177' title='bbox 598 3461 802 3562; x_wconf 86' lang='lat' dir='ltr'>voluntate,</span> <span class='ocrx_word' id='word_1_178' title='bbox 836 3471 897 3532; x_wconf 93' lang='lat' dir='ltr'>aut</span> <span class='ocrx_word' id='word_1_179' title='bbox 924 3458 1069 3532; x_wconf 78' lang='lat' dir='ltr'>fortuito</span> <span class='ocrx_word' id='word_1_180' title='bbox 1076 3514 1087 3558; x_wconf 91' lang='lat'>,</span> <span class='ocrx_word' id='word_1_181' title='bbox 1113 3456 1158 3530; x_wconf 90' lang='lat' dir='ltr'>ad</span> 
     </span>
    </p>
   </div>
   <div class='ocr_carea' id='block_1_3' title="bbox 161 3584 1161 3942">
    <p class='ocr_par' dir='ltr' id='par_1_4' title="bbox 161 3584 1161 3942">
     <span class='ocr_line' id='line_1_27' title="bbox 161 3584 1161 3687; baseline -0.001 -30"><span class='ocrx_word' id='word_1_182' title='bbox 161 3599 258 3660; x_wconf 85' lang='lat' dir='ltr'>tuam</span> <span class='ocrx_word' id='word_1_183' title='bbox 295 3587 561 3687; x_wconf 87' lang='lat' dir='ltr'>amplitudinem</span> <span class='ocrx_word' id='word_1_184' title='bbox 593 3588 679 3662; x_wconf 89' lang='lat' dir='ltr'>meis</span> <span class='ocrx_word' id='word_1_185' title='bbox 716 3588 838 3661; x_wconf 90' lang='lat' dir='ltr'>officiis</span> <span class='ocrx_word' id='word_1_186' title='bbox 876 3584 1161 3686; x_wconf 81' lang='lat' dir='ltr'>amplectendam</span> 
     </span>
     <span class='ocr_line' id='line_1_28' title="bbox 161 3710 1161 3815; baseline 0.003 -35"><span class='ocrx_word' id='word_1_187' title='bbox 161 3710 339 3788; x_wconf 88' lang='lat' dir='ltr'>incidisse:</span> <span class='ocrx_word' id='word_1_188' title='bbox 362 3712 442 3810; x_wconf 84' lang='lat' dir='ltr'>sed,</span> <span class='ocrx_word' id='word_1_189' title='bbox 465 3728 506 3787; x_wconf 90' lang='lat' dir='ltr'>ut</span> <span class='ocrx_word' id='word_1_190' title='bbox 530 3716 682 3815; x_wconf 91' lang='lat' dir='ltr'>primum</span> <span class='ocrx_word' id='word_1_191' title='bbox 696 3730 723 3764; x_wconf 82' lang='lat'>¹¹</span> <span class='ocrx_word' id='word_1_192' title='bbox 741 3715 856 3789; x_wconf 79' lang='lat' dir='ltr'>forum</span> <span class='ocrx_word' id='word_1_193' title='bbox 874 3712 1065 3812; x_wconf 81' lang='lat' dir='ltr'>attigerim,</span> <span class='ocrx_word' id='word_1_194' title='bbox 1081 3737 1161 3811; x_wconf 90' lang='lat' dir='ltr'>spe-</span> 
     </span>
     <span class='ocr_line' id='line_1_29' title="bbox 164 3839 1156 3942; baseline -0.001 -35"><span class='ocrx_word' id='word_1_195' title='bbox 164 3851 274 3910; x_wconf 85' lang='lat' dir='ltr'>ctasse</span> <span class='ocrx_word' id='word_1_196' title='bbox 300 3862 457 3939; x_wconf 88' lang='lat' dir='ltr'>semper,</span> <span class='ocrx_word' id='word_1_197' title='bbox 480 3855 520 3913; x_wconf 90' lang='lat' dir='ltr'>ut</span> <span class='ocrx_word' id='word_1_198' title='bbox 545 3840 608 3914; x_wconf 85' lang='lat' dir='ltr'>tibi</span> <span class='ocrx_word' id='word_1_199' title='bbox 632 3867 775 3942; x_wconf 89' lang='lat' dir='ltr'>possem</span> <span class='ocrx_word' id='word_1_200' title='bbox 792 3867 897 3942; x_wconf 89' lang='lat' dir='ltr'>quam</span> <span class='ocrx_word' id='word_1_201' title='bbox 913 3839 1063 3912; x_wconf 86' lang='lat' dir='ltr'>maxime</span> <span class='ocrx_word' id='word_1_202' title='bbox 1080 3861 1156 3910; x_wconf 87' lang='lat' dir='ltr'>esse</span> 
     </span>
    </p>
   </div>
   <div class='ocr_carea' id='block_1_4' title="bbox 0 0 1328 4852">
    <p class='ocr_par' dir='ltr' id='par_1_5' title="bbox 0 0 1328 4852">
     <span class='ocr_line' id='line_1_30' title="bbox 0 0 1328 4852; baseline 0 0"><span class='ocrx_word' id='word_1_203' title='bbox 0 0 1328 4852; x_wconf 95' lang='lat' dir='ltr'> </span> 
     </span>
    </p>
   </div>
  </div>
 </body>
</html>
