<?xml version="1.0" encoding="UTF-8"?>
<!DOCTYPE html PUBLIC "-//W3C//DTD XHTML 1.0 Transitional//EN"
    "http://www.w3.org/TR/xhtml1/DTD/xhtml1-transitional.dtd">
<html xmlns="http://www.w3.org/1999/xhtml" xml:lang="en" lang="en">
 <head>
  <title>
</title>
<meta http-equiv="Content-Type" content="text/html;charset=utf-8" />
  <meta name='ocr-system' content='tesseract 3.04.00' />
  <meta name='ocr-capabilities' content='ocr_page ocr_carea ocr_par ocr_line ocrx_word'/>
</head>
<body>
  <div class='ocr_page' id='page_1' title='image "./mtulliiciceroni57cicegoog/mtulliiciceroni57cicegoog_0133.png"; bbox 0 0 2632 4852; ppageno 0'>
   <div class='ocr_carea' id='block_1_1' title="bbox 121 323 1168 3944">
    <p class='ocr_par' dir='ltr' id='par_1_1' title="bbox 169 323 1168 923">
     <span class='ocr_line' id='line_1_1' title="bbox 179 323 1141 406; baseline 0.001 -11"><span class='ocrx_word' id='word_1_1' title='bbox 179 323 246 395; x_wconf 85' lang='lat'><strong>126</strong></span> <span class='ocrx_word' id='word_1_2' title='bbox 492 340 829 392; x_wconf 75' lang='lat' dir='ltr'><strong>mrsrorsexrvrrr.</strong></span> <span class='ocrx_word' id='word_1_3' title='bbox 947 342 1070 392; x_wconf 63' lang='lat' dir='ltr'><strong>aruc.</strong></span> <span class='ocrx_word' id='word_1_4' title='bbox 1090 345 1141 406; x_wconf 79' lang='lat'><strong>699</strong></span> 
     </span>
     <span class='ocr_line' id='line_1_2' title="bbox 171 444 1165 547; baseline -0.001 -28"><span class='ocrx_word' id='word_1_5' title='bbox 171 472 250 520; x_wconf 90' lang='lat' dir='ltr'><strong>rum</strong></span> <span class='ocrx_word' id='word_1_6' title='bbox 275 445 422 547; x_wconf 89' lang='lat' dir='ltr'><strong>denique</strong></span> <span class='ocrx_word' id='word_1_7' title='bbox 454 446 610 517; x_wconf 92' lang='lat' dir='ltr'><strong>omnium</strong></span> <span class='ocrx_word' id='word_1_8' title='bbox 639 444 773 516; x_wconf 89' lang='lat' dir='ltr'><strong>socium</strong></span> <span class='ocrx_word' id='word_1_9' title='bbox 797 444 1030 545; x_wconf 85' lang='lat' dir='ltr'><strong>comitemque</strong></span> <span class='ocrx_word' id='word_1_10' title='bbox 1055 445 1165 518; x_wconf 88' lang='lat' dir='ltr'><strong>habe·</strong></span> 
     </span>
     <span class='ocr_line' id='line_1_3' title="bbox 170 570 1166 672; baseline 0 -26"><span class='ocrx_word' id='word_1_11' title='bbox 170 572 244 646; x_wconf 91' lang='lat' dir='ltr'><strong>bis:</strong></span> <span class='ocrx_word' id='word_1_12' title='bbox 276 597 389 672; x_wconf 88' lang='lat' dir='ltr'><strong>neque</strong></span> <span class='ocrx_word' id='word_1_13' title='bbox 424 570 511 643; x_wconf 93' lang='lat' dir='ltr'><strong>mihi</strong></span> <span class='ocrx_word' id='word_1_14' title='bbox 542 570 578 641; x_wconf 92' lang='lat' dir='ltr'><strong>in</strong></span> <span class='ocrx_word' id='word_1_15' title='bbox 607 570 704 642; x_wconf 91' lang='lat' dir='ltr'><strong>omni</strong></span> <span class='ocrx_word' id='word_1_16' title='bbox 730 571 801 643; x_wconf 86' lang='lat' dir='ltr'><strong>vita</strong></span> <span class='ocrx_word' id='word_1_17' title='bbox 826 595 880 642; x_wconf 90' lang='lat' dir='ltr'><strong>res</strong></span> <span class='ocrx_word' id='word_1_18' title='bbox 906 583 979 643; x_wconf 84' lang='lat' dir='ltr'><strong>tam</strong></span> <span class='ocrx_word' id='word_1_19' title='bbox 1005 572 1072 645; x_wconf 88' lang='lat' dir='ltr'><strong>erit</strong></span> <span class='ocrx_word' id='word_1_20' title='bbox 1097 572 1166 646; x_wconf 90' lang='lat' dir='ltr'><strong>ulla</strong></span> 
     </span>
     <span class='ocr_line' id='line_1_4' title="bbox 169 694 1168 800; baseline -0.001 -29"><span class='ocrx_word' id='word_1_21' title='bbox 169 699 374 800; x_wconf 89' lang='lat' dir='ltr'><strong>proposita,</strong></span> <span class='ocrx_word' id='word_1_22' title='bbox 405 720 509 798; x_wconf 88' lang='lat' dir='ltr'><strong>quam</strong></span> <span class='ocrx_word' id='word_1_23' title='bbox 541 709 581 767; x_wconf 90' lang='lat' dir='ltr'><strong>ut</strong></span> <span class='ocrx_word' id='word_1_24' title='bbox 610 694 768 796; x_wconf 87' lang='lat' dir='ltr'><strong>quotidie</strong></span> <span class='ocrx_word' id='word_1_25' title='bbox 793 694 1034 770; x_wconf 87' lang='lat' dir='ltr'><strong>vehementius</strong></span> <span class='ocrx_word' id='word_1_26' title='bbox 1060 710 1097 771; x_wconf 89' lang='lat' dir='ltr'><strong>te</strong></span> <span class='ocrx_word' id='word_1_27' title='bbox 1123 698 1168 772; x_wconf 94' lang='lat' dir='ltr'><strong>de</strong></span> 
     </span>
     <span class='ocr_line' id='line_1_5' title="bbox 169 819 832 923; baseline -0.005 -27"><span class='ocrx_word' id='word_1_28' title='bbox 169 850 226 896; x_wconf 92' lang='lat' dir='ltr'><strong>me</strong></span> <span class='ocrx_word' id='word_1_29' title='bbox 251 824 385 923; x_wconf 89' lang='lat' dir='ltr'><strong>optime</strong></span> <span class='ocrx_word' id='word_1_30' title='bbox 410 822 573 895; x_wconf 88' lang='lat' dir='ltr'><strong>meritum</strong></span> <span class='ocrx_word' id='word_1_31' title='bbox 599 847 673 895; x_wconf 87' lang='lat' dir='ltr'><strong>esse</strong></span> <span class='ocrx_word' id='word_1_32' title='bbox 696 819 832 894; x_wconf 90' lang='lat' dir='ltr'><strong>laetere.</strong></span> 
     </span>
    </p>

    <p class='ocr_par' dir='ltr' id='par_1_2' title="bbox 121 946 1164 3944">
     <span class='ocr_line' id='line_1_6' title="bbox 218 946 1164 1047; baseline -0.003 -22"><span class='ocrx_word' id='word_1_33' title='bbox 218 954 241 1025; x_wconf 91' lang='lat'>8</span> <span class='ocrx_word' id='word_1_34' title='bbox 267 948 375 1045; x_wconf 90' lang='lat' dir='ltr'><strong>Quod</strong></span> <span class='ocrx_word' id='word_1_35' title='bbox 397 973 516 1046; x_wconf 84' lang='lat' dir='ltr'><strong>rogas,</strong></span> <span class='ocrx_word' id='word_1_36' title='bbox 532 961 572 1019; x_wconf 92' lang='lat' dir='ltr'><strong>ut</strong></span> <span class='ocrx_word' id='word_1_37' title='bbox 596 972 673 1019; x_wconf 91' lang='lat' dir='ltr'><strong>mea</strong></span> <span class='ocrx_word' id='word_1_38' title='bbox 700 946 763 1019; x_wconf 89' lang='lat' dir='ltr'><strong>tibi</strong></span> <span class='ocrx_word' id='word_1_39' title='bbox 788 949 918 1047; x_wconf 88' lang='lat' dir='ltr'><strong>scripta</strong></span> <span class='ocrx_word' id='word_1_40' title='bbox 943 948 1082 1021; x_wconf 91' lang='lat' dir='ltr'><strong>mittam</strong></span> <span class='ocrx_word' id='word_1_41' title='bbox 1099 951 1164 1022; x_wconf 79' lang='lat'><strong>¹¹⁸:</strong></span> 
     </span>
     <span class='ocr_line' id='line_1_7' title="bbox 167 1073 1163 1176; baseline -0.001 -29"><span class='ocrx_word' id='word_1_42' title='bbox 167 1101 257 1176; x_wconf 88' lang='lat' dir='ltr'><strong>quae</strong></span> <span class='ocrx_word' id='word_1_43' title='bbox 282 1088 364 1174; x_wconf 90' lang='lat' dir='ltr'><strong>post</strong></span> <span class='ocrx_word' id='word_1_44' title='bbox 390 1073 580 1149; x_wconf 87' lang='lat' dir='ltr'><strong>discessum</strong></span> <span class='ocrx_word' id='word_1_45' title='bbox 606 1086 705 1146; x_wconf 92' lang='lat' dir='ltr'><strong>tuum</strong></span> <span class='ocrx_word' id='word_1_46' title='bbox 730 1074 948 1172; x_wconf 80' lang='lat' dir='ltr'><strong>scripserim,</strong></span> <span class='ocrx_word' id='word_1_47' title='bbox 976 1087 1059 1146; x_wconf 89' lang='lat' dir='ltr'><strong>sunt</strong></span> <span class='ocrx_word' id='word_1_48' title='bbox 1084 1099 1163 1147; x_wconf 87' lang='lat' dir='ltr'><strong>ora-</strong></span> 
     </span>
     <span class='ocr_line' id='line_1_8' title="bbox 167 1197 1162 1301; baseline -0.001 -28"><span class='ocrx_word' id='word_1_49' title='bbox 167 1201 280 1273; x_wconf 84' lang='lat' dir='ltr'><strong>tiones</strong></span> <span class='ocrx_word' id='word_1_50' title='bbox 300 1215 347 1266; x_wconf 81' lang='lat'><strong>¹¹9</strong></span> <span class='ocrx_word' id='word_1_51' title='bbox 371 1197 561 1300; x_wconf 82' lang='lat' dir='ltr'><strong>quaedam,</strong></span> <span class='ocrx_word' id='word_1_52' title='bbox 586 1225 671 1300; x_wconf 90' lang='lat' dir='ltr'><strong>quas</strong></span> <span class='ocrx_word' id='word_1_53' title='bbox 697 1200 892 1273; x_wconf 83' lang='lat' dir='ltr'><strong>Menocrito</strong></span> <span class='ocrx_word' id='word_1_54' title='bbox 918 1197 1028 1273; x_wconf 91' lang='lat' dir='ltr'><strong>dabo:</strong></span> <span class='ocrx_word' id='word_1_55' title='bbox 1049 1225 1162 1301; x_wconf 90' lang='lat' dir='ltr'><strong>neque</strong></span> 
     </span>
     <span class='ocr_line' id='line_1_9' title="bbox 121 1323 1163 1425; baseline 0.001 -28"><span class='ocrx_word' id='word_1_56' title='bbox 121 1323 125 1332; x_wconf 79' lang='grc'><strong><em>’</em></strong></span> <span class='ocrx_word' id='word_1_57' title='bbox 166 1327 217 1398; x_wconf 91' lang='lat' dir='ltr'><strong>ita</strong></span> <span class='ocrx_word' id='word_1_58' title='bbox 240 1324 387 1424; x_wconf 89' lang='lat' dir='ltr'><strong>multae,</strong></span> <span class='ocrx_word' id='word_1_59' title='bbox 404 1350 449 1397; x_wconf 92' lang='lat' dir='ltr'><strong>ne</strong></span> <span class='ocrx_word' id='word_1_60' title='bbox 473 1325 768 1425; x_wconf 78' lang='lat' dir='ltr'><strong>pertimescas120.</strong></span> <span class='ocrx_word' id='word_1_61' title='bbox 786 1325 915 1424; x_wconf 87' lang='lat' dir='ltr'><strong>Scripsi</strong></span> <span class='ocrx_word' id='word_1_62' title='bbox 932 1325 1039 1398; x_wconf 86' lang='lat' dir='ltr'><strong>etiam</strong></span> <span class='ocrx_word' id='word_1_63' title='bbox 1057 1333 1163 1413; x_wconf 86' lang='lat' dir='ltr'><strong>(nam</strong></span> 
     </span>
     <span class='ocr_line' id='line_1_10' title="bbox 168 1449 1163 1552; baseline 0.001 -29"><span class='ocrx_word' id='word_1_64' title='bbox 168 1450 212 1523; x_wconf 88' lang='lat' dir='ltr'><strong>ab</strong></span> <span class='ocrx_word' id='word_1_65' title='bbox 238 1451 451 1524; x_wconf 90' lang='lat' dir='ltr'><strong>orationibus</strong></span> <span class='ocrx_word' id='word_1_66' title='bbox 478 1450 619 1548; x_wconf 86' lang='lat' dir='ltr'><strong>diiungo</strong></span> <span class='ocrx_word' id='word_1_67' title='bbox 640 1466 684 1501; x_wconf 88' lang='lat'><strong>¹²¹</strong></span> <span class='ocrx_word' id='word_1_68' title='bbox 711 1477 767 1523; x_wconf 90' lang='lat' dir='ltr'><strong>me</strong></span> <span class='ocrx_word' id='word_1_69' title='bbox 791 1451 879 1551; x_wconf 86' lang='lat' dir='ltr'><strong>fere,</strong></span> <span class='ocrx_word' id='word_1_70' title='bbox 910 1449 1091 1552; x_wconf 82' lang='lat' dir='ltr'><strong>referoque</strong></span> <span class='ocrx_word' id='word_1_71' title='bbox 1117 1450 1163 1524; x_wconf 91' lang='lat' dir='ltr'><strong>ad</strong></span> 
     </span>
     <span class='ocr_line' id='line_1_11' title="bbox 165 1577 1161 1678; baseline 0 -29"><span class='ocrx_word' id='word_1_72' title='bbox 165 1578 416 1650; x_wconf 75' lang='lat' dir='ltr'><strong>mansuetiores</strong></span> <span class='ocrx_word' id='word_1_73' title='bbox 441 1578 582 1677; x_wconf 71' lang='lat' dir='ltr'><strong>Musas,</strong></span> <span class='ocrx_word' id='word_1_74' title='bbox 607 1603 696 1678; x_wconf 91' lang='lat' dir='ltr'><strong>quae</strong></span> <span class='ocrx_word' id='word_1_75' title='bbox 720 1603 777 1649; x_wconf 92' lang='lat' dir='ltr'><strong>me</strong></span> <span class='ocrx_word' id='word_1_76' title='bbox 801 1577 967 1677; x_wconf 83' lang='lat' dir='ltr'><strong>maxime,</strong></span> <span class='ocrx_word' id='word_1_77' title='bbox 984 1578 1075 1653; x_wconf 89' lang='lat' dir='ltr'><strong>sicut</strong></span> <span class='ocrx_word' id='word_1_78' title='bbox 1091 1578 1161 1649; x_wconf 90' lang='lat' dir='ltr'><strong>iam</strong></span> 
     </span>
     <span class='ocr_line' id='line_1_12' title="bbox 167 1701 1161 1803; baseline -0.001 -28"><span class='ocrx_word' id='word_1_79' title='bbox 167 1729 188 1775; x_wconf 84' lang='lat' dir='ltr'><strong>a</strong></span> <span class='ocrx_word' id='word_1_80' title='bbox 219 1703 333 1803; x_wconf 88' lang='lat' dir='ltr'><strong>prima</strong></span> <span class='ocrx_word' id='word_1_81' title='bbox 365 1701 618 1802; x_wconf 87' lang='lat' dir='ltr'><strong>adolescentia,</strong></span> <span class='ocrx_word' id='word_1_82' title='bbox 655 1702 875 1803; x_wconf 89' lang='lat' dir='ltr'><strong>delectant),</strong></span> <span class='ocrx_word' id='word_1_83' title='bbox 905 1702 1029 1803; x_wconf 85' lang='lat' dir='ltr'><strong>scripsi</strong></span> <span class='ocrx_word' id='word_1_84' title='bbox 1058 1702 1161 1800; x_wconf 84' lang='lat' dir='ltr'><strong>igitur</strong></span> 
     </span>
     <span class='ocr_line' id='line_1_13' title="bbox 165 1826 1160 1929; baseline -0.003 -27"><span class='ocrx_word' id='word_1_85' title='bbox 165 1828 374 1902; x_wconf 80' lang='lat' dir='ltr'><strong>Aristotelen</strong></span> <span class='ocrx_word' id='word_1_86' title='bbox 394 1844 440 1878; x_wconf 83' lang='lat'><strong>¹²²</strong></span> <span class='ocrx_word' id='word_1_87' title='bbox 465 1853 581 1927; x_wconf 89' lang='lat' dir='ltr'><strong>more,</strong></span> <span class='ocrx_word' id='word_1_88' title='bbox 609 1826 904 1929; x_wconf 88' lang='lat' dir='ltr'><strong>quemadmodum</strong></span> <span class='ocrx_word' id='word_1_89' title='bbox 931 1826 1073 1929; x_wconf 91' lang='lat' dir='ltr'><strong>quidem</strong></span> <span class='ocrx_word' id='word_1_90' title='bbox 1099 1852 1160 1902; x_wconf 92' lang='lat' dir='ltr'><strong>vo-</strong></span> 
     </span>
     <span class='ocr_line' id='line_1_14' title="bbox 164 1936 1160 2054; baseline -0.001 -29"><span class='ocrx_word' id='word_1_91' title='bbox 164 1953 234 2053; x_wconf 91' lang='lat' dir='ltr'><strong>lui,</strong></span> <span class='ocrx_word' id='word_1_92' title='bbox 258 1967 328 2027; x_wconf 91' lang='lat' dir='ltr'><strong>tres</strong></span> <span class='ocrx_word' id='word_1_93' title='bbox 352 1953 460 2027; x_wconf 89' lang='lat' dir='ltr'><strong>libros</strong></span> <span class='ocrx_word' id='word_1_94' title='bbox 484 1955 522 2026; x_wconf 90' lang='lat' dir='ltr'><strong>in</strong></span> <span class='ocrx_word' id='word_1_95' title='bbox 548 1953 784 2054; x_wconf 88' lang='lat' dir='ltr'><strong>disputatione</strong></span> <span class='ocrx_word' id='word_1_96' title='bbox 816 1936 857 2026; x_wconf 84' lang='lat' dir='ltr'><strong>ac</strong></span> <span class='ocrx_word' id='word_1_97' title='bbox 886 1951 1025 2052; x_wconf 84' lang='lat' dir='ltr'><strong>dialogo</strong></span> <span class='ocrx_word' id='word_1_98' title='bbox 1044 1956 1092 2006; x_wconf 78' lang='lat'><strong>¹²³</strong></span> <span class='ocrx_word' id='word_1_99' title='bbox 1118 1951 1160 2025; x_wconf 92' lang='lat' dir='ltr'><strong>de</strong></span> 
     </span>
     <span class='ocr_line' id='line_1_15' title="bbox 166 2077 1160 2182; baseline 0 -32"><span class='ocrx_word' id='word_1_100' title='bbox 166 2079 332 2179; x_wconf 84' lang='lat' dir='ltr'><strong>Oratore,</strong></span> <span class='ocrx_word' id='word_1_101' title='bbox 349 2106 439 2182; x_wconf 89' lang='lat' dir='ltr'><strong>quos</strong></span> <span class='ocrx_word' id='word_1_102' title='bbox 456 2079 606 2153; x_wconf 90' lang='lat' dir='ltr'><strong>arbitror</strong></span> <span class='ocrx_word' id='word_1_103' title='bbox 629 2077 779 2153; x_wconf 89' lang='lat' dir='ltr'><strong>Lentulo</strong></span> <span class='ocrx_word' id='word_1_104' title='bbox 805 2093 867 2152; x_wconf 91' lang='lat' dir='ltr'><strong>tuo</strong></span> <span class='ocrx_word' id='word_1_105' title='bbox 892 2079 966 2152; x_wconf 84' lang='lat' dir='ltr'><strong>fore</strong></span> <span class='ocrx_word' id='word_1_106' title='bbox 989 2104 1063 2152; x_wconf 91' lang='lat' dir='ltr'><strong>non</strong></span> <span class='ocrx_word' id='word_1_107' title='bbox 1088 2079 1160 2154; x_wconf 88' lang='lat' dir='ltr'><strong>inu·</strong></span> 
     </span>
     <span class='ocr_line' id='line_1_16' title="bbox 162 2205 1161 2307; baseline -0.001 -29"><span class='ocrx_word' id='word_1_108' title='bbox 162 2206 249 2279; x_wconf 90' lang='lat' dir='ltr'><strong>tiles.</strong></span> <span class='ocrx_word' id='word_1_109' title='bbox 274 2206 475 2280; x_wconf 87' lang='lat' dir='ltr'><strong>Abhorrent</strong></span> <span class='ocrx_word' id='word_1_110' title='bbox 500 2207 594 2280; x_wconf 90' lang='lat' dir='ltr'><strong>enim</strong></span> <span class='ocrx_word' id='word_1_111' title='bbox 620 2232 640 2278; x_wconf 94' lang='lat' dir='ltr'><strong>a</strong></span> <span class='ocrx_word' id='word_1_112' title='bbox 671 2205 915 2279; x_wconf 91' lang='lat' dir='ltr'><strong>communibus</strong></span> <span class='ocrx_word' id='word_1_113' title='bbox 946 2207 1161 2307; x_wconf 86' lang='lat' dir='ltr'><strong>praeceptis,</strong></span> 
     </span>
     <span class='ocr_line' id='line_1_17' title="bbox 163 2321 1160 2434; baseline -0.001 -30"><span class='ocrx_word' id='word_1_114' title='bbox 163 2346 201 2405; x_wconf 89' lang='lat' dir='ltr'><strong>et</strong></span> <span class='ocrx_word' id='word_1_115' title='bbox 225 2347 367 2406; x_wconf 89' lang='lat' dir='ltr'><strong>omnem</strong></span> <span class='ocrx_word' id='word_1_116' title='bbox 381 2332 428 2398; x_wconf 75' lang='lat'><strong>¹²4</strong></span> <span class='ocrx_word' id='word_1_117' title='bbox 452 2334 694 2434; x_wconf 88' lang='lat' dir='ltr'><strong>antiquorum,</strong></span> <span class='ocrx_word' id='word_1_118' title='bbox 710 2345 747 2403; x_wconf 88' lang='lat' dir='ltr'><strong>et</strong></span> <span class='ocrx_word' id='word_1_119' title='bbox 762 2331 1022 2432; x_wconf 82' lang='lat' dir='ltr'><strong>Aristoteleam,</strong></span> <span class='ocrx_word' id='word_1_120' title='bbox 1034 2321 1076 2405; x_wconf 79' lang='lat' dir='ltr'><strong>¹et</strong></span> <span class='ocrx_word' id='word_1_121' title='bbox 1092 2333 1160 2404; x_wconf 93' lang='lat' dir='ltr'><strong>Iso·</strong></span> 
     </span>
     <span class='ocr_line' id='line_1_18' title="bbox 163 2456 1156 2557; baseline -0.002 -27"><span class='ocrx_word' id='word_1_122' title='bbox 163 2472 314 2532; x_wconf 84' lang='lat' dir='ltr'><strong>crateam</strong></span> <span class='ocrx_word' id='word_1_123' title='bbox 330 2460 500 2532; x_wconf 87' lang='lat' dir='ltr'><strong>rationem</strong></span> <span class='ocrx_word' id='word_1_124' title='bbox 518 2459 706 2533; x_wconf 85' lang='lat' dir='ltr'><strong>oratoriam</strong></span> <span class='ocrx_word' id='word_1_125' title='bbox 724 2456 1015 2557; x_wconf 90' lang='lat' dir='ltr'><strong>complectuntur.</strong></span> <span class='ocrx_word' id='word_1_126' title='bbox 1029 2457 1156 2557; x_wconf 89' lang='lat' dir='ltr'><strong>Scripsi</strong></span> 
     </span>
     <span class='ocr_line' id='line_1_19' title="bbox 160 2582 1152 2684; baseline 0.001 -29"><span class='ocrx_word' id='word_1_127' title='bbox 160 2586 267 2657; x_wconf 85' lang='lat' dir='ltr'><strong>etiam</strong></span> <span class='ocrx_word' id='word_1_128' title='bbox 291 2584 448 2658; x_wconf 83' lang='lat' dir='ltr'><strong>versibus</strong></span> <span class='ocrx_word' id='word_1_129' title='bbox 474 2598 543 2658; x_wconf 91' lang='lat' dir='ltr'><strong>tres</strong></span> <span class='ocrx_word' id='word_1_130' title='bbox 567 2583 677 2657; x_wconf 89' lang='lat' dir='ltr'><strong>libros</strong></span> <span class='ocrx_word' id='word_1_131' title='bbox 696 2583 739 2656; x_wconf 90' lang='lat' dir='ltr'><strong>de</strong></span> <span class='ocrx_word' id='word_1_132' title='bbox 757 2582 973 2684; x_wconf 92' lang='lat' dir='ltr'><strong>temporibus</strong></span> <span class='ocrx_word' id='word_1_133' title='bbox 990 2585 1079 2656; x_wconf 93' lang='lat' dir='ltr'><strong>meis</strong></span> <span class='ocrx_word' id='word_1_134' title='bbox 1095 2586 1152 2648; x_wconf 72' lang='lat'><strong>¹²5:</strong></span> 
     </span>
     <span class='ocr_line' id='line_1_20' title="bbox 161 2709 1156 2812; baseline 0.001 -29"><span class='ocrx_word' id='word_1_135' title='bbox 161 2735 249 2811; x_wconf 91' lang='lat' dir='ltr'><strong>quos</strong></span> <span class='ocrx_word' id='word_1_136' title='bbox 274 2711 344 2783; x_wconf 84' lang='lat' dir='ltr'><strong>iarn</strong></span> <span class='ocrx_word' id='word_1_137' title='bbox 367 2711 507 2812; x_wconf 91' lang='lat' dir='ltr'><strong>pridem</strong></span> <span class='ocrx_word' id='word_1_138' title='bbox 533 2710 581 2784; x_wconf 92' lang='lat' dir='ltr'><strong>ad</strong></span> <span class='ocrx_word' id='word_1_139' title='bbox 605 2725 640 2783; x_wconf 92' lang='lat' dir='ltr'><strong>te</strong></span> <span class='ocrx_word' id='word_1_140' title='bbox 660 2711 849 2809; x_wconf 90' lang='lat' dir='ltr'><strong>misissem,</strong></span> <span class='ocrx_word' id='word_1_141' title='bbox 865 2711 894 2782; x_wconf 92' lang='lat' dir='ltr'><strong>si</strong></span> <span class='ocrx_word' id='word_1_142' title='bbox 910 2735 985 2783; x_wconf 91' lang='lat' dir='ltr'><strong>esse</strong></span> <span class='ocrx_word' id='word_1_143' title='bbox 1003 2709 1156 2785; x_wconf 89' lang='lat' dir='ltr'><strong>edendos</strong></span> 
     </span>
     <span class='ocr_line' id='line_1_21' title="bbox 158 2837 1156 2939; baseline 0.005 -33"><span class='ocrx_word' id='word_1_144' title='bbox 158 2848 345 2935; x_wconf 90' lang='lat' dir='ltr'><strong>putassem.</strong></span> <span class='ocrx_word' id='word_1_145' title='bbox 383 2837 472 2910; x_wconf 87' lang='lat' dir='ltr'><strong>Sunt</strong></span> <span class='ocrx_word' id='word_1_146' title='bbox 497 2838 591 2910; x_wconf 90' lang='lat' dir='ltr'><strong>enim</strong></span> <span class='ocrx_word' id='word_1_147' title='bbox 616 2849 739 2936; x_wconf 90' lang='lat' dir='ltr'><strong>testes,</strong></span> <span class='ocrx_word' id='word_1_148' title='bbox 767 2849 803 2910; x_wconf 93' lang='lat' dir='ltr'><strong>et</strong></span> <span class='ocrx_word' id='word_1_149' title='bbox 827 2849 930 2910; x_wconf 92' lang='lat' dir='ltr'><strong>erunt</strong></span> <span class='ocrx_word' id='word_1_150' title='bbox 953 2837 1156 2939; x_wconf 84' lang='lat' dir='ltr'><strong>sempiterni</strong></span> 
     </span>
     <span class='ocr_line' id='line_1_22' title="bbox 157 2960 1153 3063; baseline 0.001 -30"><span class='ocrx_word' id='word_1_151' title='bbox 157 2963 360 3035; x_wconf 88' lang='lat' dir='ltr'><strong>meritorum</strong></span> <span class='ocrx_word' id='word_1_152' title='bbox 376 2986 456 3061; x_wconf 83' lang='lat' dir='ltr'><strong>erga</strong></span> <span class='ocrx_word' id='word_1_153' title='bbox 474 2989 530 3036; x_wconf 92' lang='lat' dir='ltr'><strong>me</strong></span> <span class='ocrx_word' id='word_1_154' title='bbox 552 2977 707 3061; x_wconf 89' lang='lat' dir='ltr'><strong>tuorum,</strong></span> <span class='ocrx_word' id='word_1_155' title='bbox 724 2987 890 3063; x_wconf 89' lang='lat' dir='ltr'><strong>meaeque</strong></span> <span class='ocrx_word' id='word_1_156' title='bbox 916 2963 1069 3062; x_wconf 89' lang='lat' dir='ltr'><strong>pietatis.</strong></span> <span class='ocrx_word' id='word_1_157' title='bbox 1087 2960 1153 3035; x_wconf 89' lang='lat' dir='ltr'><strong>Sed</strong></span> 
     </span>
     <span class='ocr_line' id='line_1_23' title="bbox 157 3087 1153 3189; baseline 0 -28"><span class='ocrx_word' id='word_1_158' title='bbox 157 3087 302 3162; x_wconf 87' lang='lat' dir='ltr'><strong>verebar</strong></span> <span class='ocrx_word' id='word_1_159' title='bbox 320 3092 367 3139; x_wconf 81' lang='lat'><strong>¹²⁶</strong></span> <span class='ocrx_word' id='word_1_160' title='bbox 391 3113 465 3161; x_wconf 90' lang='lat' dir='ltr'><strong>non</strong></span> <span class='ocrx_word' id='word_1_161' title='bbox 498 3114 577 3188; x_wconf 90' lang='lat' dir='ltr'><strong>eos,</strong></span> <span class='ocrx_word' id='word_1_162' title='bbox 611 3089 672 3189; x_wconf 90' lang='lat' dir='ltr'><strong>qui</strong></span> <span class='ocrx_word' id='word_1_163' title='bbox 705 3115 742 3161; x_wconf 91' lang='lat' dir='ltr'><strong>se</strong></span> <span class='ocrx_word' id='word_1_164' title='bbox 767 3087 880 3161; x_wconf 87' lang='lat' dir='ltr'><strong>laesos</strong></span> <span class='ocrx_word' id='word_1_165' title='bbox 906 3087 1153 3162; x_wconf 83' lang='lat' dir='ltr'><strong>arbitrarentur</strong></span> 
     </span>
     <span class='ocr_line' id='line_1_24' title="bbox 158 3213 1150 3316; baseline 0.001 -32"><span class='ocrx_word' id='word_1_166' title='bbox 158 3215 306 3302; x_wconf 85' lang='lat' dir='ltr'><strong>(etenim</strong></span> <span class='ocrx_word' id='word_1_167' title='bbox 330 3214 368 3286; x_wconf 95' lang='lat' dir='ltr'><strong>id</strong></span> <span class='ocrx_word' id='word_1_168' title='bbox 392 3214 459 3287; x_wconf 81' lang='lat' dir='ltr'><strong>feci</strong></span> <span class='ocrx_word' id='word_1_169' title='bbox 482 3240 588 3314; x_wconf 89' lang='lat' dir='ltr'><strong>parce</strong></span> <span class='ocrx_word' id='word_1_170' title='bbox 615 3229 651 3286; x_wconf 91' lang='lat' dir='ltr'><strong>et</strong></span> <span class='ocrx_word' id='word_1_171' title='bbox 675 3214 855 3313; x_wconf 77' lang='lat' dir='ltr'><strong>molliter),</strong></span> <span class='ocrx_word' id='word_1_172' title='bbox 879 3213 943 3287; x_wconf 91' lang='lat' dir='ltr'><strong>sed</strong></span> <span class='ocrx_word' id='word_1_173' title='bbox 968 3239 1048 3314; x_wconf 89' lang='lat' dir='ltr'><strong>eos,</strong></span> <span class='ocrx_word' id='word_1_174' title='bbox 1070 3238 1150 3316; x_wconf 92' lang='lat' dir='ltr'><strong>quos</strong></span> 
     </span>
     <span class='ocr_line' id='line_1_25' title="bbox 157 3330 1150 3414; baseline 0 -5"><span class='ocrx_word' id='word_1_175' title='bbox 157 3352 231 3411; x_wconf 89' lang='lat' dir='ltr'><strong>erat</strong></span> <span class='ocrx_word' id='word_1_176' title='bbox 254 3340 430 3412; x_wconf 88' lang='lat' dir='ltr'><strong>infinitum</strong></span> <span class='ocrx_word' id='word_1_177' title='bbox 454 3338 544 3413; x_wconf 90' lang='lat' dir='ltr'><strong>bene</strong></span> <span class='ocrx_word' id='word_1_178' title='bbox 571 3339 615 3414; x_wconf 93' lang='lat' dir='ltr'><strong>de</strong></span> <span class='ocrx_word' id='word_1_179' title='bbox 640 3366 696 3413; x_wconf 91' lang='lat' dir='ltr'><strong>me</strong></span> <span class='ocrx_word' id='word_1_180' title='bbox 722 3341 863 3414; x_wconf 88' lang='lat' dir='ltr'><strong>meritos</strong></span> <span class='ocrx_word' id='word_1_181' title='bbox 894 3366 1017 3413; x_wconf 80' lang='lat' dir='ltr'><strong>omres</strong></span> <span class='ocrx_word' id='word_1_182' title='bbox 1031 3330 1150 3413; x_wconf 69' lang='lat' dir='ltr'><strong>&#39;nomi-</strong></span> 
     </span>
     <span class='ocr_line' id='line_1_26' title="bbox 155 3465 1146 3568; baseline 0.002 -34"><span class='ocrx_word' id='word_1_183' title='bbox 155 3487 248 3535; x_wconf 88' lang='lat' dir='ltr'><strong>nare.</strong></span> <span class='ocrx_word' id='word_1_184' title='bbox 276 3465 373 3554; x_wconf 88' lang='lat' dir='ltr'><strong>Quos</strong></span> <span class='ocrx_word' id='word_1_185' title='bbox 398 3480 516 3538; x_wconf 86' lang='lat' dir='ltr'><strong>tamen</strong></span> <span class='ocrx_word' id='word_1_186' title='bbox 541 3468 637 3566; x_wconf 92' lang='lat' dir='ltr'><strong>ipsos</strong></span> <span class='ocrx_word' id='word_1_187' title='bbox 661 3466 787 3566; x_wconf 86' lang='lat' dir='ltr'><strong>libros,</strong></span> <span class='ocrx_word' id='word_1_188' title='bbox 818 3467 846 3539; x_wconf 94' lang='lat' dir='ltr'><strong>si</strong></span> <span class='ocrx_word' id='word_1_189' title='bbox 873 3491 994 3568; x_wconf 91' lang='lat' dir='ltr'><strong>quem,</strong></span> <span class='ocrx_word' id='word_1_190' title='bbox 1019 3467 1078 3539; x_wconf 90' lang='lat' dir='ltr'><strong>cui</strong></span> <span class='ocrx_word' id='word_1_191' title='bbox 1101 3489 1146 3537; x_wconf 89' lang='lat' dir='ltr'><strong>re·</strong></span> 
     </span>
     <span class='ocr_line' id='line_1_27' title="bbox 156 3591 1144 3691; baseline -0.001 -32"><span class='ocrx_word' id='word_1_192' title='bbox 156 3600 211 3659; x_wconf 91' lang='lat' dir='ltr'><strong>ete</strong></span> <span class='ocrx_word' id='word_1_193' title='bbox 236 3591 472 3691; x_wconf 89' lang='lat' dir='ltr'><strong>committam,</strong></span> <span class='ocrx_word' id='word_1_194' title='bbox 504 3594 748 3691; x_wconf 79' lang='lat' dir='ltr'><strong>invener0127,</strong></span> <span class='ocrx_word' id='word_1_195' title='bbox 781 3592 912 3666; x_wconf 88' lang='lat' dir='ltr'><strong>curabo</strong></span> <span class='ocrx_word' id='word_1_196' title='bbox 941 3591 988 3664; x_wconf 90' lang='lat' dir='ltr'><strong>ad</strong></span> <span class='ocrx_word' id='word_1_197' title='bbox 1013 3605 1049 3663; x_wconf 90' lang='lat' dir='ltr'><strong>te</strong></span> <span class='ocrx_word' id='word_1_198' title='bbox 1074 3614 1144 3690; x_wconf 87' lang='lat' dir='ltr'><strong>per·</strong></span> 
     </span>
     <span class='ocr_line' id='line_1_28' title="bbox 155 3710 1141 3819; baseline -0.002 -37"><span class='ocrx_word' id='word_1_199' title='bbox 155 3710 322 3787; x_wconf 85' lang='lat' dir='ltr'><strong>ferendos.</strong></span> <span class='ocrx_word' id='word_1_200' title='bbox 360 3717 475 3818; x_wconf 91' lang='lat' dir='ltr'><strong>Atque</strong></span> <span class='ocrx_word' id='word_1_201' title='bbox 507 3719 611 3793; x_wconf 83' lang='lat' dir='ltr'><strong>istam</strong></span> <span class='ocrx_word' id='word_1_202' title='bbox 631 3722 676 3770; x_wconf 82' lang='lat'><strong>¹²⁸</strong></span> <span class='ocrx_word' id='word_1_203' title='bbox 710 3717 853 3819; x_wconf 90' lang='lat' dir='ltr'><strong>quidem</strong></span> <span class='ocrx_word' id='word_1_204' title='bbox 885 3731 1024 3817; x_wconf 89' lang='lat' dir='ltr'><strong>partem</strong></span> <span class='ocrx_word' id='word_1_205' title='bbox 1059 3715 1141 3790; x_wconf 86' lang='lat' dir='ltr'><strong>vitae</strong></span> 
     </span>
     <span class='ocr_line' id='line_1_29' title="bbox 156 3840 1134 3944; baseline 0 -35"><span class='ocrx_word' id='word_1_206' title='bbox 156 3840 481 3944; x_wconf 89' lang='lat' dir='ltr'><strong>consuetudinisque</strong></span> <span class='ocrx_word' id='word_1_207' title='bbox 519 3858 658 3919; x_wconf 89' lang='lat' dir='ltr'><strong>nostrae</strong></span> <span class='ocrx_word' id='word_1_208' title='bbox 696 3859 808 3918; x_wconf 89' lang='lat' dir='ltr'><strong>totam</strong></span> <span class='ocrx_word' id='word_1_209' title='bbox 847 3843 893 3916; x_wconf 82' lang='lat' dir='ltr'><strong>ad</strong></span> <span class='ocrx_word' id='word_1_210' title='bbox 929 3856 963 3914; x_wconf 88' lang='lat' dir='ltr'><strong>te</strong></span> <span class='ocrx_word' id='word_1_211' title='bbox 1002 3840 1134 3928; x_wconf 80' lang='lat' dir='ltr'><strong>defer05</strong></span> 
     </span>
    </p>
   </div>
   <div class='ocr_carea' id='block_1_2' title="bbox 0 0 1320 4852">
    <p class='ocr_par' dir='ltr' id='par_1_3' title="bbox 0 0 1320 4852">
     <span class='ocr_line' id='line_1_30' title="bbox 0 0 1320 4852; baseline 0 4"><span class='ocrx_word' id='word_1_212' title='bbox 0 0 1320 4852; x_wconf 95' lang='lat' dir='ltr'><strong> </strong></span> 
     </span>
    </p>
   </div>
  </div>
 </body>
</html>
