2632 4852
161 366 201 411 12
493 360 665 412 rrrsrom
689 361 799 420 cxxrn.
928 358 958 407 Α.
978 361 1125 413 nosos

155 465 371 538 coniunctus.
398 464 479 555 Quo
505 463 646 564 quidem
671 489 714 535 ex
736 477 897 560 tempore
914 465 1082 537 memoria
1101 478 1151 538 te·

154 616 240 690 neo,
265 615 377 691 neque
401 614 516 662 meam
541 588 614 661 tibi·
632 588 906 686 observantiam,
925 612 1038 688 neque
1063 590 1150 662 mihi

154 734 252 791 tuam
276 742 449 790 summam
473 714 747 790 benivolentiam
767 740 808 787 ac
824 712 1067 787 liberalitatem
1093 715 1150 788 de-

155 843 267 916 fuisse.
293 842 330 913 Si
355 866 444 943 quae
468 839 719 914 interciderunt
738 854 778 939 ¹²,
795 862 868 913 non
885 853 957 912 tam
973 865 1028 938 re,
1046 866 1151 941 quam

156 968 376 1069 suspicione,
408 966 557 1041 violata:
591 992 632 1039 ea
661 992 769 1067 quum
793 965 921 1038 fuerint
945 979 981 1037 et
1005 963 1091 1039 falsa
1116 980 1151 1038 et

154 1095 287 1192 inania,
314 1094 384 1167 sint
408 1091 526 1167 evulsa
551 1118 594 1166 ex
619 1094 716 1169 omni
739 1092 908 1166 memoria
924 1092 1065 1193 vitaque
1089 1117 1149 1165 no·

156 1237 236 1295 stra.
269 1221 304 1293 Is
336 1220 429 1292 enim
458 1233 496 1292 tu
522 1220 576 1293 vir
601 1245 654 1318 es,
679 1232 715 1291 et
740 1245 820 1292 eum
845 1244 901 1290 me
926 1244 1000 1292 esse
1026 1221 1149 1318 cupio,

146 1344 219 1444 ut,
244 1345 409 1444 quoniam
433 1345 471 1416 in
496 1343 619 1418 eadem
643 1345 693 1417 rei
717 1342 878 1443 publicae
910 1357 1070 1444 tempora
1099 1345 1152 1416 in-

159 1471 331 1569 cidimus,
373 1471 656 1544 coniunctionem
698 1470 955 1570 amicitiamque
995 1483 1154 1543 nostram

157 1597 296 1698 utrique
320 1609 479 1669 nostrum
514 1594 610 1668 laudi
644 1621 780 1696 sperem
804 1595 887 1668 fore.
912 1594 1153 1688 Quamobrem

157 1735 214 1822 tu,
239 1735 409 1823 quantum
440 1734 502 1795 tuo
536 1721 666 1796 iudicio
700 1721 926 1796 tribuendum
951 1747 1026 1795 esse
1049 1721 1152 1796 nobis

157 1861 279 1948 putes,
303 1861 433 1921 statues
457 1849 551 1947 ipse,
578 1861 629 1947 et,
653 1860 694 1920 ut
717 1874 838 1949 spero,
865 1855 997 1921 statues
1022 1874 1065 1921 ex
1089 1874 1155 1923 no-

159 1986 231 2046 stra
256 1972 439 2072 dignitate:
466 1998 531 2072 ego
556 1999 641 2049 vero
667 1973 731 2046 tibi
755 1975 923 2074 profiteor
948 1988 1052 2075 atque
1076 1974 1156 2074 pol-

158 2098 269 2175 liceor
300 2101 464 2173 eximium
488 2114 525 2173 et
550 2100 723 2199 singulare
748 2126 865 2195 meum
890 2099 1046 2173 studium
1064 2105 1093 2152 ¹³
1119 2101 1183 2174 in'

157 2228 256 2300 omni
280 2252 404 2325 genere
428 2226 556 2326 officii,
582 2226 680 2327 quod
705 2226 751 2299 ad
775 2226 996 2300 honestatem
1021 2240 1061 2326 et
1083 2225 1157 2325 glo-

158 2354 247 2426 riam
271 2365 369 2424 tuam
394 2365 537 2451 spectet.
562 2353 606 2424 In
626 2377 715 2452 quo,
732 2353 868 2425 etiamsi
892 2353 993 2425 multi
1017 2377 1157 2425 mecum

161 2476 397 2576 contendent,
422 2490 556 2576 tamen,
581 2503 689 2578 quum
714 2476 854 2579 reliquis
880 2477 1060 2578 omnibus,
1084 2492 1155 2550 tum

160 2603 293 2677 Crassis
325 2603 411 2701 tuis,
450 2602 644 2701 iudicibus,
676 2629 798 2676 omnes
831 2603 930 2677 facile
962 2584 1157 2704 superabot

160 2752 250 2828 quos
283 2719 438 2829 quidem‘
457 2753 521 2826 ego
555 2726 659 2804 ambo
678 2728 710 2794 14
741 2730 843 2801 unice
876 2729 998 2829 diligo,
1029 2731 1158 2804 sedin

160 2854 282 2927 Marco
306 2851 544 2927 benivolentia
568 2855 695 2956 impari
713 2857 751 2926 ¹⁵.
773 2855 852 2928 Hoc
868 2856 978 2954 magis
996 2882 1075 2930 sum
1091 2858 1158 2930 Pu·

160 2977 233 3053 blio
254 2982 284 3029 ¹⁶
310 2978 466 3080 deditus,
500 2980 596 3080 quod
620 3006 677 3054 me
689 3037 700 3078 ,
729 3008 938 3082 quamquam
963 3010 983 3054 a
1009 2984 1158 3084 pueritia

161 3131 223 3176 sua
248 3130 403 3206 semper,
435 3120 553 3180 tamen
584 3106 653 3180 hoc
685 3121 843 3208 tempore
875 3110 1043 3208 maxime,
1067 3111 1158 3184 sicut

161 3228 308 3304 alterum
331 3246 529 3332 parentem,
556 3246 592 3305 et
617 3232 781 3307 observat
806 3248 841 3307 et
867 3234 986 3333 diligit.

209 3356 231 3429 3
257 3356 331 3429 Has
354 3357 475 3431 literas·
497 3357 603 3433 velim
620 3360 793 3434 existimes
810 3360 958 3435 foederis
975 3361 1156 3435 habituras

159 3507 233 3554 esse
258 3483 332 3556 vim
349 3499 389 3582 ¹⁷,
414 3510 487 3558 non
521 3485 705 3586 epistolae,
738 3513 863 3589 meque
889 3514 948 3586 ea,
977 3514 1066 3589 quae
1093 3487 1160 3561 tihi

159 3608 327 3704 promitto
352 3636 393 3682 ac
418 3611 570 3710 recipio,
602 3613 816 3686 sanctissime
849 3640 922 3687 esse
949 3612 1161 3689 observatu-

158 3757 252 3829 rum,
287 3734 613 3838 diligentissimeque
645 3738 816 3815 facturum
835 3743 873 3811 ¹⁸.
912 3742 1011 3833 Quae
1045 3767 1066 3811 a
1097 3763 1157 3810 me

157 3873 318 3957 suscepta
343 3860 496 3937 defensio
521 3878 591 3964 est,
607 3879 642 3940 te
659 3865 819 3968 absente,
845 3867 1022 3965 dignitatis
1048 3881 1154 3960 tuae,
