2632 4852
160 348 207 421 36
472 362 642 413 nrrsrom
667 341 904 445 cxxxvnus
928 359 958 406 a.
977 359 1124 421 v.c.s99

157 472 222 545 tibi
246 469 386 568 obliges.
410 469 477 541 Est
500 466 659 540 tribunus
683 463 832 537 militum
856 462 894 536 in
913 461 1065 534 exercitu
1083 485 1148 533 no-

157 613 230 672 stro
249 613 287 670 ¹².
325 597 474 669 Gratum
508 592 707 691 hominem,
740 589 1057 688 observantemque
1088 611 1148 660 oo-

77 759 89 776 ·
157 748 309 826 gnosces.
342 718 546 795 Trebatium
576 733 617 795 ut
647 715 749 797 vald‘e
782 741 893 814 ames,
924 712 1149 789 vehementer

157 863 192 926 tc
216 875 311 950 rogo.
336 847 434 925 Vale.

551 1099 759 1175 cxxxix.
893 1059 1152 1196 tunsio

156 1279 376 1367 Argumentum
397 1275 508 1342 Scribit
528 1299 559 1337 se
579 1277 755 1338 Trebatium
788 1273 907 1356 Caesari
937 1274 1047 1332 iterum
1069 1291 1148 1331 com-

197 1384 367 1460 mendasse3
388 1382 580 1465 reprehendit
599 1393 700 1444 autem
720 1383 783 1442 eius
804 1379 1037 1450 festinationem,
1049 1386 1079 1436 et
1092 1377 1148 1435 mi-

171 1480 174 1485 ¹
197 1500 281 1555 ratur
302 1511 355 1554 cur
374 1488 543 1553 tribunatus
565 1487 722 1551 commoda
743 1486 961 1571 contempserit.

320 1704 374 1759 Sor.
392 1703 487 1758 Romae
504 1705 535 1757 A.
552 1703 586 1756 V.
604 1703 632 1756 C.
651 1702 796 1769 nexerit,
814 1717 900 1753 mense
917 1700 993 1751 Maio.
1102 1726 1104 1730 Α

471 1910 836 2013 ucuanmamno

206 2100 351 2200 Scripsit
375 2097 421 2172 ad
445 2125 502 2172 me
526 2101 653 2173 Caesar
676 2072 958 2199 perhumaniter,
987 2092 1146 2169 nondum

157 2239 191 2298 te
217 2226 313 2298 sibi¹
342 2227 424 2299 satis
450 2252 524 2299 esse
549 2226 750 2299 familiarem
775 2239 920 2326 propter
944 2222 1147 2324 occupatio·

156 2375 219 2424 nes
244 2378 341 2449 suas,
366 2351 429 2424 sed
454 2366 581 2426 cert0²
614 2352 696 2424 fore.
729 2352 794 2424 Cui
828 2348 968 2452 quidem
1000 2373 1066 2447 ego
1096 2371 1148 2419 re·

157 2476 293 2574 scripsi,
318 2503 423 2577 quam
448 2476 532 2548 mihi
556 2490 689 2575 gratum
707 2489 796 2550 esset
812 2453 979 2576 futurdm',
997 2473 1027 2552 si
1045 2467 1148 2578 quam

156 2600 345 2700 plurimum
382 2603 418 2674 in
451 2616 486 2676 te
518 2603 649 2703 studii,
679 2604 800 2704 officii,
824 2600 1042 2676 liberalitatis
1068 2624 1148 2672 suae

158 2724 369 2800 contulisset.
405 2727 474 2799 Sed
504 2754 546 2801 ex
578 2729 646 2801 tuis
674 2729 784 2805 literis
809 2728 957 2826 cognovi
981 2749 1149 2826 praepro-

156 2877 278 2950 peram
312 2853 531 2953 quamdam³
556 2855 811 2928 festinationem
836 2869 953 2952 tuam,
986 2867 1022 2926 et
1047 2831 1149 2925 simul

158 3003 235 3049 sum
261 2967 466 3080 adrniratuS,
485 3007 546 3053 our
569 2980 793 3058 tribunatusl
811 2979 1011 3078 commoda,
1030 2978 1148 3052 demto

156 3109 360 3200 praesertim
395 3103 515 3178 labore
551 3107 710 3206 militiae,
742 3108 975 3182 contemseris.
1013 3107 1149 3197 Querar

47 3225 48 3229 ’
158 3254 239 3301 cum
263 3229 415 3305 Vacerra
451 3246 487 3305 et
522 3232 665 3306 Manilio
680 3235 715 3336 ⁵5
748 3260 829 3307 nam
863 3226 1042 3307 Cornelio·
1062 3206 1149 3306 nibil

158 3353 271 3428 audeo
298 3355 426 3454 dicere,
452 3358 548 3430 cuius
575 3373 612 3430 tu
638 3359 792 3458 periculo
817 3357 941 3431 stultus
967 3385 1003 3430 es
1011 3413 1022 3458 ,
1044 3378 1149 3459 quan·

89 3576 92 3586 k
122 3563 125 3573 s
159 3478 233 3550 do⁶
259 3494 293 3553 te
319 3481 363 3552 ab
389 3507 431 3554 eo
457 3509 578 3583 sapere
604 3483 764 3557 didicisse
790 3486 970 3585 profiteris.
996 3485 1095 3575 Quin
1111 3497 1147 3555 tu

158 3630 258 3702 urges
283 3607 385 3679 istam
411 3611 630 3683 occasionem
655 3625 689 3683 et
708 3609 924 3709 facultatem,
942 3636 1009 3711 qua
1027 3609 1147 3696 melior

159 3752 348 3832 numquam
380 3733 591 3833 reperietur?
625 3735 731 3826 Quod
765 3735 885 3809 scribis
912 3736 955 3808 de
979 3734 1040 3808 illo
1066 3737 1144 3810 Pre-

158 3853 258 3928 ciano
288 3855 532 3933 iurisconsulto
547 3879 575 3960 ⁷,
601 3886 664 3962 ego
691 3874 725 3935 te
751 3863 782 3933 ei
807 3887 878 3936 non
905 3861 1026 3936 desino
1054 3885 1141 3936 com·
