2632 4852
529 341 565 387 ur
592 336 782 387 rrrsrotss
1088 320 1155 394 331

195 448 278 521 ἤματ’
296 449 424 524 ὀπωρινῷ
451 439 553 518 (cadit
583 442 662 500 enim
695 442 726 500 in
758 437 978 502 absolutionem
1013 443 1160 526 Gabinii)

196 555 241 611 dre
258 549 321 626 drip’
337 555 475 630 ἀνέρισσι,
492 556 547 607 etc.

154 651 242 714 3Αά
274 672 367 733 quam
397 674 445 712 res
475 652 559 735 publ.
591 652 732 729 Inclinat}
764 652 823 714 vid.
853 673 921 737 epp.
943 653 1051 727 CXL,
1073 656 1113 728 3,
1132 667 1162 717 et

195 759 343 830 CXLIX,
362 757 391 818 6.

153 868 174 944 4
197 867 234 927 Τ.
249 869 366 929 Attium
387 866 555 931 Labienum
569 867 703 929 Caesaris
721 869 752 929 in
764 868 863 930 Gallia
878 868 1021 951 legatum.
1036 868 1158 932 Schultz.

604 1107 709 1172 CLVI.

157 1315 169 1353 r
195 1292 243 1354 Ex
263 1293 335 1354 Asia
354 1294 387 1353 in
406 1291 545 1368 ltaliam
565 1314 635 1376 epp.
657 1294 787 1368 CXLII,
809 1316 843 1368 2,
863 1306 894 1357 et
915 1296 1047 1369 CLVII,
1072 1317 1096 1357 1.

154 1420 172 1460 2
196 1399 307 1462 Sensus
328 1410 389 1460 est:
420 1399 587 1474 timebam,
606 1421 645 1463 ne
665 1400 750 1465 tarde
771 1402 810 1463 ad
829 1423 885 1464 nos
905 1405 1037 1476 venires,
1063 1424 1160 1486 quum

195 1505 380 1567 recordabar
398 1516 495 1567 vestes
515 1518 545 1568 et
565 1519 729 1590 apparatus
749 1510 984 1573 transmissionis
1004 1520 1089 1581 tuae,
1103 1508 1163 1570 boc

195 1624 255 1685 est,
283 1612 429 1675 discessus
461 1615 515 1674 tui.
545 1624 649 1696 Δι’ῥρεις
680 1614 796 1677 addidit
824 1615 979 1678 Victorius
1008 1636 1045 1677 ex
1072 1637 1163 1692 mss.;

195 1716 302 1780 Lamb.
323 1720 443 1796 Denis3
463 1719 515 1781 sed
535 1731 664 1802 uterque
684 1721 793 1784 urbam
816 1742 881 1784 esse
902 1722 1004 1805 (Plio.
1025 1722 1081 1796 IV,
1105 1726 1163 1802 ro)
1248 1757 1252 1767 ·

194 1825 392 1888 existimabat.

155 1933 174 1995 3
196 1934 331 1996 onrem
343 1933 470 2006 Piliam,
486 1935 610 2017 opinor,
623 1946 653 1999 et
666 1935 868 2019 Pomponiam
882 1955 1030 2010 sororem,
1043 1936 1162 2014 Quinto

197 2039 338 2101 Ciceroni
357 2051 493 2124 uuptem.
514 2043 592 2104 Nam
612 2042 760 2116 Caecilia,
781 2045 872 2105 Attici
894 2042 1009 2116 filiola,
1027 2040 1164 2104 noudum

197 2158 271 2207 nata
289 2158 370 2220 erat,
389 2159 424 2210 ut
443 2152 584 2231 cognosci
604 2160 704 2232 potest
724 2170 759 2212 ex
780 2170 827 2233 ep.
849 2149 982 2223 CCXX,
1002 2150 1031 2227 4,

152 2253 176 2329 4
196 2252 300 2334 Aliqui
322 2252 386 2314 dies
412 2254 593 2316 concedendi
624 2267 693 2318 sunt
720 2257 916 2317 suavissimae
937 2255 1069 2317 Vestorii
1089 2273 1162 2316 con-

196 2359 356 2422 suetudini.

154 2465 176 2526 5
196 2467 324 2529 Latinus
343 2487 443 2529 sermo
463 2468 592 2529 Atticam
622 2473 841 2552 proprietatem
862 2480 893 2530 et
913 2470 1091 2531 suavitatem
1112 2487 1163 2528 re-

194 2573 309 2635 dolens.
330 2573 555 2654 Regrutandrm
581 2578 653 2657 quia
672 2587 736 2639 tam
756 2577 849 2658 longo
869 2574 1029 2640 intervallo
1054 2572 1167 2657 graeco'
1183 2635 1185 2639 .

197 2701 336 2742 sermone
356 2702 428 2741 usus
449 2692 521 2742 erat.

154 2785 177 2845 6
198 2785 248 2846 Sic
268 2798 349 2848 recte
368 2786 499 2849 Michael
519 2788 649 2862 Brutus,
668 2787 729 2850 hoe
750 2810 853 2850 sensu:
875 2790 957 2852 illius
976 2799 1099 2852 nostrae
1117 2788 1163 2849 rei

197 2892 301 2975 publ,
321 2895 407 2955 cuius
426 2893 556 2955 sormam
576 2897 608 2957 in
628 2893 714 2956 libris
734 2895 772 2956 de
793 2915 827 2957 re
847 2894 949 2979 publ,
969 2898 1022 2977 qui
1042 2894 1165 2957 suntin

195 3001 337 3063 manibus
359 3003 427 3083 (ep.
449 3001 559 3077 CLIV,
577 3023 587 3062 r
602 3005 624 3083 l,
644 3002 798 3077 describo,
819 3022 995 3085 germanam
1016 3020 1164 3063 sororem.

196 3109 265 3169 Hoc
285 3119 386 3170 autem
406 3111 534 3182 ironice,
555 3130 613 3191 pro
634 3108 873 3173 dissimillimam.
901 3109 1059 3172 Emestius
1080 3108 1163 3168 Gru-

197 3217 362 3289 terionem,
381 3218 481 3277 immo
497 3216 659 3278 Bosianam
680 3217 839 3280 lectionem
860 3218 1003 3301 expressit
1023 3215 1066 3276 rei
1081 3213 1166 3307 publ.¹

194 3324 343 3404 gemma,
362 3328 432 3397 etsi,
452 3335 487 3386 ut
512 3328 641 3407 ipsemet
667 3325 790 3400 latetur,
815 3328 968 3389 vitiosam.
995 3323 1164 3404 Hervagius

195 3428 342 3504 advolas,
360 3430 458 3493 sedem
483 3432 578 3494 invisis
597 3467 637 3480 -
655 3454 833 3514 gemianus,-
863 3432 930 3494 edd.
958 3442 1029 3493 vett.
1055 3431 1165 3492 vitiose
1260 3502 1265 3510 .

195 3554 226 3597 a.
239 3535 294 3597 sed
312 3539 407 3600 invisis
420 3560 613 3622 -germane,·
633 3542 801 3605 Lambinus
822 3553 852 3603 et
873 3539 1073 3604 irruis-rei
1080 3537 1164 3619 publ.

197 3637 378 3717 pepcirdpoor?

156 3751 292 3831 7Vncis
311 3754 426 3816 inclusa
457 3767 601 3839 corrupta
630 3769 720 3831 sunt,
751 3770 781 3820 et
808 3755 929 3819 aliunde
956 3764 1078 3832 assuta3
1105 3753 1163 3813 nisi

195 3859 276 3922 forte
296 3881 366 3923 oum
388 3864 439 3938 iis,
460 3868 591 3945 quaein
612 3887 658 3948 ep.
681 3867 829 3942 CXLIX,
849 3865 869 3926 6
890 3863 986 3925 alieno
1017 3862 1092 3922 loco.
1105 3880 1164 3943 po·
