2632 4852
154 301 226 397 340
517 316 788 368 anuorlrrours

195 423 246 484 Sic
265 421 390 482 fortasse
417 420 532 485 dictum
558 421 712 481 Manutius
732 421 792 490 ait,
813 418 898 499 quod
920 418 1051 479 diversis
1072 424 1164 502 parti·

192 529 251 590 bus
272 526 450 600 conflueret,
470 537 506 587 ut
524 527 609 586 Nilus
630 536 745 608 septem
766 527 850 585 ostiis
871 527 905 584 in
925 545 1024 586 mara

156 655 194 697 22
215 636 296 700 idest
314 632 447 695 hominis
467 633 618 715 diligentis
638 643 669 693 et
681 631 826 716 expediti,
845 641 883 691 ut
900 642 968 692 erat
981 631 1161 694 Philotimus

197 741 261 824 (ep.
281 741 408 821 XXX),
427 760 489 801 non
509 740 606 813 tardi,
626 750 662 799 ut
680 737 839 821 Diphilus3
861 758 909 820 ep.
930 737 1080 812 CXLVI,
1105 761 1130 800 r.

158 849 197 909 23
217 848 352 920 Scilicet,
371 868 427 908 noe
446 844 573 907 heredes
594 845 698 909 fecisse
719 864 755 905 ex
773 847 865 905 uncia
885 844 1033 927 singulos.
1055 843 1098 905 Iu
1115 867 1163 906 un-

195 957 248 1020 cta
268 954 402 1036 intelligo
421 952 553 1026 duabu,
574 963 650 1035 quot
670 962 757 1013 erant
775 951 944 1014 Cicerones.
967 950 1084 1016 Sohiitz
1109 973 1161 1015 au-

197 1070 281 1120 ctore
300 1058 450 1119 Lambino
469 1057 508 1117 de
530 1059 629 1118 unctu.

158 1166 199 1244 alp
218 1165 338 1239 Tuum3
363 1185 410 1246 ep.
438 1163 535 1236 CLII,
561 1165 590 1240 4.
617 1163 790 1244 Magiam,
813 1162 934 1225 dnobus
963 1165 1162 1245 Tyrannione

162 1314 165 1320 Δ
199 1273 397 1352 grammatico
419 1272 481 1352 (ep.
503 1270 608 1350 CXI),
622 1280 652 1331 et
664 1271 797 1331 Paeonio
811 1269 948 1348 rethore3
962 1291 1011 1353 ep.
1025 1272 1127 1345 CLll,
1137 1273 1163 1350 4.

167 1430 170 1435 .
198 1377 316 1437 Manu
336 1357 501 1439 Annorum
513 1397 569 1437 xm
589 1388 664 1437 erat.

159 1481 199 1543 25
219 1479 331 1545 Schtitz
343 1481 454 1545 delevit
467 1484 647 1567 Pomponia,
668 1483 750 1567 quod
762 1478 913 1566 ¹glossema
933 1506 999 1546 esse
1020 1488 1084 1546 iam
1099 1487 1162 1547 Ma*

199 1592 301 1651 nutius
321 1591 487 1672 suspicatus
507 1602 586 1652 crate
600 1591 706 1653 Potest
720 1590 873 1674 aliquibus
886 1604 984 1653 mater
996 1604 1106 1656 contra
1119 1597 1160 1655 vi-

199 1694 265 1758 deri
286 1696 443 1778 glossema.

160 1800 200 1861 26
220 1801 271 1863 Ob
292 1802 412 1867 aedium
431 1806 678 1887 contiguitatem
698 1827 745 1890 ep.
765 1805 859 1867 XXX
878 1817 956 1873 extr.

616 2045 706 2107 CLX.
760 2077 768 2091 x

164 2247 175 2288 1
198 2227 269 2288 Rec.
289 2239 319 2290 et
338 2228 400 2290 duo
421 2230 530 2291 Ambit.
556 2230 602 2292 M.
625 2230 656 2292 0.
680 2232 713 2293 C.
732 2231 874 2294 Nummio
881 2255 893 2306 ,-
917 2244 950 2294 ct
975 2255 1162 2318 praenomen

199 2333 322 2416 quidam
344 2335 416 2397 Gaio
435 2348 504 2400 ante
516 2338 688 2402 Munatium
701 2337 815 2404 habeut
828 2339 896 2403 edd.
910 2351 984 2404 vett
999 2362 1075 2403 cum
1086 2342 1164 2406 Vict.

199 2439 308 2502 Lamb.
330 2443 447 2505 Manut.

160 2565 177 2604 2
198 2545 340 2609 Fortasse
360 2551 462 2610 exsilii.
485 2550 600 2613 Schritz.

80 2715 83 2719 ἵ
159 2650 178 2710 3
198 2650 255 2711 Ed.
276 2654 356 2714 Man.
377 2658 411 2716 iis
431 2660 536 2720 nostris
557 2661 747 2742 ternporibus3
767 2664 869 2743 accipe
891 2671 994 2722 autem
1009 2661 1050 2722 de
1063 2660 1162 2722 exsilio

202 2754 365 2821 Ciceronis.

106 2944 110 2952 ἱ
158 2863 281 2939 ιίῙάεεῑ
300 2888 420 2941 veram,
441 2882 471 2931 et
492 2893 584 2953 quam
604 2894 651 2955 ep.
672 2873 769 2947 CDL,
794 2896 804 2934 1
827 2874 954 2955 fidelem
974 2886 1081 2947 vocat,
1104 2895 1162 2934 non

197 2969 314 3045 fictam,
339 2987 430 3057 atque
456 2980 635 3041 simulatam.
663 2983 750 3043 Rem.
780 2983 869 3042 Rutil.
900 2982 1027 3044 Delevit
1060 2983 1161 3044 bonam

202 3077 378 3142 Lambinus.

158 3181 179 3242 5
198 3183 312 3245 Putant
331 3187 425 3270 aliqui
445 3190 617 3255 Munatium
637 3204 703 3255 tum
722 3194 814 3256 fuisse
834 3197 866 3256 in
887 3195 1080 3258 Macedonia.

159 3287 287 3353 6Amb.
314 3314 348 3355 12
369 3294 407 3355 de
427 3317 458 3355 se
478 3319 517 3357 se.

576 3538 578 3542 ·
609 3514 715 3578 CLXI.

161 3733 171 3769 1
196 3712 312 3776 Vocem
334 3721 453 3785 Procas.
473 3724 627 3790 abundare
641 3706 810 3811 suspicatur
823 3729 1001 3801 Manutius,
1022 3749 1116 3811 quum
1129 3729 1156 3785 in

197 3820 273 3883 urbe
293 3825 383 3889 fuisse
403 3829 596 3919 Philippum,
608 3859 644 3898 ac
657 3836 786 3921 proinde
807 3836 983 3923 deposuisse
1000 3836 1154 3920 imperium
