2632 4852
171 329 237 422 140
501 347 807 397 nrrsrouncxnrx.
934 346 965 396 Α.
982 349 1016 397 v.
1035 353 1063 398 c.
1081 341 1131 403 699

164 454 243 527 litas
267 451 384 550 huius,
409 451 537 548 gratior
553 451 584 500 ³⁵
610 477 683 522 esse
716 447 899 523 videbatur
922 475 1066 552 corum,
1094 456 1153 556 qui

109 611 115 628 ι
164 590 377 678 occuparant
384 577 425 648 ³⁶.
442 577 613 674 Cuperem
630 574 765 647 vultum
781 573 899 648 videre
916 589 1031 675 tuum,
1044 600 1152 678 quum
1178 648 1181 655 .

163 703 249 804 haec
281 703 419 800 legeres.
456 701 547 775 Nam
579 700 737 800 profecto
769 724 867 799 spem
884 700 915 766 ³⁷
941 726 1015 774 non
1046 702 1153 777 habes

162 829 317 925 nullam,
353 826 439 899 haec
471 827 609 924 negotia
646 824 833 898 multarum
869 825 1106 902 nundinarum
1122 830 1152 881 ³⁸

161 956 243 1029 fore.
281 952 351 1027 Sed
382 965 521 1025 senatus
553 950 660 1024 hodie
690 950 802 1024 fuerat
832 951 982 1055 futurus,
1015 952 1054 1026 id
1080 970 1152 1054 est,

163 1080 241 1153 Kal.
267 1077 487 1152 Octobribus.
513 1078 588 1149 Iam
612 1077 705 1148 enim
729 1075 866 1149 luciscit
882 1079 922 1149 ³9.
952 1077 1008 1150 lbi
1032 1077 1152 1180 loque-

133 1190 237 1303 sur,
260 1217 398 1304 praeter
422 1204 565 1276 Antium
596 1216 632 1274 et
655 1202 869 1300 Fauonium,
900 1201 1007 1275 libere
1039 1229 1151 1280 nemo.

161 1329 252 1402 Nam
283 1331 371 1403 Cato
405 1340 568 1425 aegrotat.
602 1327 656 1400 Dc
687 1352 743 1398 me
768 1325 854 1401 nihil
880 1327 1060 1427 timueris3
1092 1330 1151 1404 sed

160 1469 278 1527 tamen
302 1454 471 1554 promitto
496 1451 590 1524 nihil.
709 1509 711 1513 .
776 1510 780 1517 ,

211 1578 233 1652 5
260 1578 372 1678 Quid,
397 1579 546 1680 quaeris,
572 1575 686 1650 aliudt
709 1577 849 1677 iudicia,
873 1576 986 1652 credo.
1004 1580 1149 1679 Drusus,

160 1695 309 1776 Scaurus
340 1729 414 1776 non
446 1703 566 1776 fecisse
598 1703 813 1776 videbantur.
851 1705 938 1784 Tres
972 1705 1149 1778 candidati

160 1828 232 1901 fore
257 1830 308 1901 rei
332 1829 561 1929 putabantur,
592 1830 765 1902 Domitius
798 1855 819 1901 a
850 1830 1035 1929 Memmio,
1061 1833 1148 1904 Mes-

159 1953 230 2026 sala
256 1981 275 2026 a
301 1956 344 2046 Q.
371 1956 540 2054 Pompeio
565 1955 671 2053 Rufo,
696 1955 845 2027 Scaurus
872 1980 891 2026 a
916 1955 1072 2055 Triario,
1091 1970 1147 2029 aut

160 2083 242 2151 aL.
269 2080 423 2152 Caesare.
461 2078 558 2172 Quid
588 2081 738 2178 poteris,
766 2081 915 2180 inquies,
940 2106 1007 2179 pro
1030 2081 1075 2154 iis
1100 2081 1147 2152 di-

158 2203 260 2277 cerei
292 2231 336 2277 ne
369 2207 503 2304 vivam,
534 2207 564 2278 si
595 2207 678 2276 scio.
710 2207 752 2277 In
780 2204 847 2277 illis
873 2204 1016 2306 quidem
1041 2206 1145 2280 tn'bus

156 2327 251 2402 libris
268 2329 311 2430 4⁰,
336 2356 422 2431 quos
448 2344 486 2403 tu
512 2329 689 2429 dilaudas,
715 2329 802 2402 nihil
826 2331 971 2430 reperio.

206 2456 231 2528 6
257 2456 379 2539 [Nunc
412 2471 452 2526 ut
469 2457 672 2555 opinionem
683 2455 714 2521 4¹
733 2453 861 2529 habeas
885 2482 1015 2555 rerum²
1040 2457 1145 2533 feren·

142 2576 241 2650 'dum
266 2596 326 2652 est.
360 2583 505 2673 Quaeris
512 2637 522 2680 7
552 2607 615 2679 ego
640 2607 696 2654 me
721 2596 761 2653 ut
778 2582 958 2680 gesserim?
985 2596 1144 2656 constan·
1184 2618 1185 2621 ¹

156 2718 209 2776 ter
234 2719 269 2776 ct
292 2705 406 2778 libere.
433 2707 529 2799 Quid
553 2706 609 2778 ille
623 2707 665 2806 4²,
681 2709 832 2808 inquies,
858 2722 899 2778 ut
930 2706 1085 2781 ferebat?
1103 2746 1145 2766 -·

155 2830 378 2930 Humaniter,
402 2859 567 2934 meaeque
594 2833 787 2931 dignitatis,
804 2832 920 2932 quoad
944 2833 1033 2906 mihi
1049 2837 1145 2908 satis·

156 2955 286 3028 factum
311 2971 401 3030 esset
413 2958 456 3056 4³,
480 2958 677 3030 habendam
702 2958 768 3030 sibi
792 2959 962 3031 rationem
988 2957 1140 3057 putabat.

156 3081 237 3172 Quo
261 3082 370 3155 modo
396 3109 478 3181 ergo
504 3082 702 3156 absolutus?
720 3084 862 3155 omnino
888 3088 1011 3178 ycpyeta
1036 3089 1143 3178 γυμνάς

155 3211 396 3281 accusatorum
420 3209 632 3281 incredibilis
656 3210 800 3282 infantia
811 3264 822 3306 7
850 3207 887 3280 id
912 3221 966 3280 est
991 3209 1030 3279 L.
1056 3211 1143 3280 Len·

155 3330 237 3430 tuti,
260 3334 300 3406 L.
325 3334 365 3405 F.
392 3361 494 3435 quem
518 3335 669 3408 fremunt
701 3360 822 3408 omues
851 3335 1145 3433 praevaricatum

62 3506 72 3516 ⁴.
155 3453 281 3529 dcinde
306 3461 466 3560 Pompeii
490 3462 576 3534 mira
603 3463 799 3561 contentio;
829 3459 985 3533 iudicum
1017 3460 1141 3533 sordes.

155 3579 320 3656 Attamen
344 3611 440 3659 rrxxn
462 3587 754 3687 condemnarunt,
770 3614 892 3662 xxxux
909 3585 1139 3663 absolverunt.

155 3704 287 3782 Iudicia
317 3709 446 3809 reliqua
461 3711 494 3778 44
518 3714 738 3812 impendent:
771 3713 929 3787 nondum
962 3727 1017 3787 ast
1042 3713 1139 3814 plane

156 3831 343 3929 expeditus.
369 3837 485 3937 Dices,
503 3852 540 3912 tu
558 3866 639 3937 ergo
656 3841 742 3914 haec
768 3867 837 3942 quo
863 3838 971 3914 modo
997 3839 1139 3935 femi-
