2632 4852
187 300 252 394 142
522 322 688 371 urrsrom
713 326 823 375 σωκ.
943 325 974 374 Δ.
993 331 1026 376 v.
1047 330 1075 375 c.
1095 320 1144 380 699

65 504 70 511 ,
178 426 273 502 Belle
298 422 508 521 mehercule,
533 437 569 496 et
592 425 630 495 in
654 448 697 496 eo
722 450 777 497 me
797 424 899 498 valde
926 452 1015 500 amo.
1040 429 1169 503 Amisi·

178 580 271 652 mus,
295 553 343 623 mi
366 549 560 650 Pomponi,
592 574 731 622 omnem
763 575 837 623 non
869 550 977 625 modo
1002 578 1168 654 succum,

178 705 219 752 ac
251 675 475 776 sanguinem,
511 674 573 748 sed
607 676 713 749 etiam
746 676 921 778 colorem,
953 691 990 752 et
1013 681 1167 780 speciem

176 804 357 904 pristinam
390 800 548 875 civitatis.
584 800 687 874 Nulla
719 813 773 874 est
804 827 858 875 rcs
886 801 1045 904 publica,
1079 831 1166 906 quae

175 929 338 1027 delectet,
360 928 398 1001 in
423 953 491 1028 qua
516 927 741 1026 acquiescam.
767 926 854 999 Idne
878 929 999 1028 igitur,
1015 930 1165 1031 inquies,

173 1054 272 1128 facile
285 1051 473 1127 fersl—-Id
488 1052 611 1152 ipsum.
629 1047 807 1126 Recordor
823 1054 916 1125 enim
924 1110 936 1154 ,
952 1081 1058 1155 quam
1074 1054 1163 1157 bella

172 1179 364 1282 paulisper,
380 1178 481 1253 nobis
498 1177 783 1278 gubernantibus,
800 1179 922 1254 civitas
938 1179 1057 1280 fuerit,
1075 1208 1162 1283 quae

172 1305 258 1378 mihi
283 1306 391 1404 gratia
415 1305 522 1378 relata
548 1306 593 1377 sit
608 1304 650 1378 4⁵.
682 1304 805 1378 Nullus
839 1304 941 1379 dolor
963 1330 1021 1378 me
1046 1308 1162 1405 angit,

172 1457 281 1504 unum
296 1430 329 1497 4⁶
352 1433 469 1504 omnia
502 1456 623 1531 posse5
660 1429 906 1530 dirumpuntur
941 1431 981 1533 ii,
1014 1433 1074 1532 qui
1106 1458 1159 1504 me

123 1571 124 1574 ’
171 1556 301 1658 aliquid
325 1583 427 1657 posse
453 1555 654 1655 doluerunt3
670 1555 779 1629 multa
799 1555 884 1628 milri
910 1555 996 1629 dant
1021 1553 1158 1655 solatia,

170 1708 235 1755 nec
261 1696 377 1754 tamen
402 1708 466 1780 ego
492 1681 535 1754 de
559 1707 638 1754 meo
671 1695 763 1755 statu
790 1680 970 1780 demigr05
1001 1707 1156 1783 quaeque

169 1809 317 1880 maxime
342 1809 414 1882 vita
440 1822 493 1882 est
508 1807 540 1875 4⁷
566 1807 612 1881 ad
636 1822 811 1908 naturam,
843 1808 889 1880 ad
920 1833 998 1880 eam
1021 1834 1080 1882 me
1105 1834 1155 1881 re-

168 1933 240 2006 fero
252 1989 263 2032 ,
288 1932 333 2006 ad
357 1933 497 2033 literas,
528 1948 563 2007 et
588 1933 702 2007 studia
726 1947 863 2032 nostra,
896 1931 1037 2005 dicendi
1061 1930 1154 2006 labo·

167 2086 240 2133 rem
266 2060 495 2135 delectatione
522 2061 673 2133 oratoria
706 2058 890 2157 consolor,
923 2057 1048 2132 domus
1082 2083 1164 2156 me,

167 2200 305 2259 etrum
329 2200 448 2260 nostra
473 2185 655 2260 delectant.
681 2185 763 2260 Non
786 2182 967 2283 recordor,
984 2184 1081 2258 unde
1106 2210 1153 2258 ce-

166 2311 308 2384 ciderim
320 2367 331 2410 ,
367 2311 430 2384 sed
462 2309 555 2384 unde
589 2311 803 2383 surrexerim.
835 2310 994 2382 Fratrem
1019 2335 1151 2381 mecum

165 2450 201 2509 et
225 2451 260 2508 te
285 2437 315 2510 si
338 2435 494 2536 habebo,
525 2461 588 2536 per
618 2462 675 2508 me
700 2437 766 2508 ista
790 2435 938 2534 pedibus
964 2433 1150 2510 trahantur.

163 2552 276 2635 Vobis
301 2564 540 2654 ἒμφιλοσσφῆσαι
566 2586 719 2660 possum.
743 2564 858 2634 Locus
883 2559 941 2633 ille
966 2561 1076 2632 animi
1095 2584 1152 2632 no·

163 2687 249 2785 stri,
283 2687 481 2760 stomachus
513 2685 574 2760 ubi
605 2686 786 2759 habitabat
818 2685 919 2786 olim,
957 2685 1147 2759 concalluit

160 2811 301 2886 Privata
325 2812 450 2912 modo,
466 2827 502 2887 et
520 2812 709 2888 domestica
726 2838 792 2886 nos
817 2811 1001 2885 delectant.
1028 2812 1149 2884 Miram

160 2938 380 3013 securitatem
415 2940 577 3040 videbis,
616 2940 712 3012 cuius
748 2938 917 3038 plurimae
953 2935 1148 3011 mehercule

158 3078 275 3163 partes
300 3080 382 3138 sunt
412 3067 448 3139 in
481 3081 542 3138 tuo
567 3064 690 3138 reditu.
722 3065 834 3137 Nemo
868 3064 962 3136 enim
986 3061 1146 3136 interris

159 3203 212 3261 est
235 3191 321 3262 mihi
345 3206 417 3264 tam
439 3191 734 3265 consentientibus
756 3190 923 3264 sensibus.
940 3188 1012 3262 Sed
1031 3191 1145 3288 accipe

158 3314 233 3388 alia.
267 3317 333 3389 Res
365 3316 441 3391 fluit
474 3319 519 3393 ad
543 3321 793 3417 interregnum,
822 3331 858 3390 et
882 3329 936 3388 est
961 3314 1144 3389 nonnullus

157 3439 245 3514 odor
278 3441 469 3518 dictaturae
493 3445 542 3544 4⁸3
578 3470 691 3518 sermo
725 3443 867 3546 quidem
899 3441 1056 3539 multus,
1088 3438 1143 3541 qui

155 3567 260 3640 etiam
285 3569 473 3643 Gabinium
502 3571 597 3670 apud
629 3570 769 3644 timidos
786 3569 819 3636 49
843 3567 977 3641 iudices
1003 3566 1140 3639 adiuvit

155 3692 342 3767 Candidati
367 3698 562 3771 consulares
589 3724 708 3771 omnes
734 3699 782 3769 rei
808 3694 967 3768 ambitus.
998 3689 1142 3766 Accedit

155 3818 259 3891 ctiam
291 3820 479 3895 Gabinius:
518 3850 622 3924 quem
655 3826 691 3898 P.
724 3823 833 3919 Sulla,
868 3846 942 3898 nou
977 3819 1135 3899 dubitans
