2632 4852
535 342 570 389 ΙΝ
598 335 786 390 nnlstonts
1085 341 1158 417 297

198 448 306 507 latiore
326 462 430 514 sensu,
449 442 592 502 nimirum
606 441 653 500 ad
665 437 897 522 significandum
915 437 1027 512 libros,
1047 444 1162 503 oratio·

196 574 264 624 nes,
284 551 411 633 scripta,
434 546 573 609 adhibuit
599 547 705 609 Cicero
726 548 758 608 in
777 567 824 629 ep.
844 547 986 624 XlX,lp
1010 547 1072 618 llio
1086 569 1161 631 pro-

197 661 265 740 prie
293 655 443 739 significat
462 656 554 715 animi
575 675 675 728 sensa,
696 675 773 736 quae
793 652 933 737 pluribus
955 651 1066 722 chartis
1080 675 1162 718 com·

196 766 280 826 misit
301 765 442 843 Quintus.

159 871 197 932 35
218 872 288 934 Vox
310 871 399 930 literis
412 867 504 944 ¹obest
523 890 542 929 a
562 867 657 929 band.
773 880 776 886 “

158 978 198 1040 36
219 978 364 1040 Vetustae
384 974 451 1037 edd.
471 985 542 1036 ante
561 973 670 1036 bamb.
685 985 719 1037 ¹et
738 995 809 1037 mss.
831 973 882 1037 bic
896 986 927 1038 et
940 975 1019 1039 infra
1031 976 1163 1059 Appim,

177 1084 250 1147 -sed
270 1083 350 1145 infra
369 1082 504 1144 Landius
523 1093 614 1144 recte·
627 1081 726 1165 Oppio
746 1081 821 1144 disi
851 1082 911 1145 lies
934 1094 978 1146 est
998 1082 1037 1149 dc
1057 1083 1163 1167 Oppio

197 1192 336 1252 Caesaris
356 1189 603 1262 familiarissimo,
622 1198 672 1249 ut
669 1189 920 1271 quamplurimae
938 1192 1034 1252 nostri
1048 1192 1160 1277 episto·

198 1299 245 1358 lae
266 1307 423 1358 testamur.

157 1405 195 1484 37
217 1402 384 1476 Fovendo,
404 1403 520 1464 etiamsi
542 1400 699 1466 Caesarem
720 1401 807 1479 colit3
828 1422 876 1485 ep.
898 1401 998 1475 CXL,
1005 1423 1047 1473 r.

158 1510 197 1572 38
217 1510 348 1573 Videtur
367 1508 483 1592 aliquid
503 1508 661 1584 excidisse,
678 1519 772 1659 puta:
794 1510 909 1572 mmetd
926 1528 1038 1575 summo
1058 1529 1096 1571 ιιι.
1109 1503 1163 1571 do·

197 1617 259 1678 lone
280 1617 336 1678 boc
350 1615 397 1698 βε.
470 1627 476 1640 “

157 1723 320 1806 39Vulgo
339 1720 555 1806 Hippodamis,
575 1722 658 1807 quod
680 1650 852 1796 Manutius,
871 1722 984 1804 aliique
1004 1720 1043 1783 de
1051 1741 1161 1804 equo·

195 1850 265 1889 rum
297 1828 498 1891 domitoribus
534 1841 737 1912 acceperunt,
772 1818 879 1893 melius
910 1827 1023 1891 Schnu
1051 1847 1162 1890 nomen

194 1936 358 2017 proprium
384 1955 448 1996 esse
472 1933 628 2008 affirmat,
653 1935 736 2018 quod
765 1946 796 1997 et
822 1935 901 1997 infra
926 1940 943 2011 s
970 1957 992 2018 9
1016 1935 1163 2008 occurrit,

193 2043 377 2124 reponitque
390 2039 592 2125 Hippodamo.
607 2042 702 2105 Land.
723 2041 963 2130 hyppodonuis,
960 2052 991 2102 et
1003 2041 1083 2105 infra
1094 2062 1162 2124 yp-

193 2147 378 2230 podanium,
398 2158 454 2211 etc.

154 2254 194 2331 4ο
215 2253 280 2315 Isto
300 2274 358 2338 pro
378 2256 469 2328 utne,
488 2255 549 2317 scil
563 2257 626 2318 istis
653 2255 856 2339 Hippodamis
879 2254 1107 2340 (Hippodamo)
1130 2267 1160 2318 et

193 2363 310 2422 ceteris
331 2361 447 2424 Ernest

155 2468 191 2544 4ι
216 2467 248 2527 Si
271 2466 418 2529 Trebatio
437 2469 537 2530 minus
561 2469 702 2550 satisfecit
723 2469 841 2531 Caesar.
868 2469 1006 2533 Tucianus
1031 2469 1161 2534 Moxli·
1251 2483 1253 2486 ’

192 2576 278 2647 bero,
299 2574 483 2637 aTrebatio
502 2574 661 2641 fovendo..
1115 2640 1119 2648 Δ

153 2682 193 2759 42
215 2682 342 2754 Caium,
362 2681 427 2741 Caii
448 2684 500 2756 F„
520 2682 654 2765 legatum
676 2682 840 2745 Caesaris
831 2705 863 2744 in
885 2684 994 2748 Gallia.
1034 2749 1036 2756 ,
1078 2740 1081 2747 .

155 2789 196 2865 43
217 2787 289 2851 Vid.
310 2786 349 2849 ad
375 2809 423 2871 ep.
444 2789 541 2862 CXL,
563 2810 590 2852 a.
612 2789 823 2852 Tribunatum
854 2790 980 2855 fortasse
1006 2791 1161 2858 Trebonio

194 2907 299 2979 petere
324 2894 445 2957 volebat
471 2897 603 2975 Quintus
630 2919 648 2959 a
675 2898 813 2960 Caesare.
842 2898 915 2961 Mor
940 2920 1011 2962 mss.
1037 2911 1068 2962 et
1093 2900 1160 2968 add

193 3012 265 3063 vett
283 3004 461 3086 perscripsit

152 3107 194 3185 44
215 3107 384 3192 Optime
362 3131 404 3170 sic
423 3111 594 3176 emendavit
614 3111 796 3191 Lambinus3
818 3113 900 3176 idem
920 3113 1052 3197 placuit
1061 3112 1159 3175 Eme·

194 3218 261 3276 stio
284 3215 362 3278 Milo
378 3218 493 3281 molesti
514 3232 594 3293 suut,
620 3221 732 3282 scilicet
760 3220 912 3305 petendo
921 3219 1158 3282 commendatio·

190 3342 263 3384 nem
283 3343 384 3385 meam
405 3325 444 3386 ad
464 3326 640 3402 Caesarem,
659 3340 695 3390 ut
714 3327 753 3391 ab
782 3350 819 3392 eo
846 3327 962 3411 aliquid
989 3330 1159 3411 impetrent.

192 3431 313 3491 Schic'tz.
337 3432 440 3515 Vulgo
466 3435 523 3496 sibi
545 3437 661 3498 molesti
677 3448 752 3499 sunt.
779 3439 814 3496 ln
841 3436 887 3497 ed.
918 3449 1019 3524 tamen
1045 3435 1160 3519 princi·

189 3558 230 3618 pe
254 3536 331 3600 1566
350 3541 516 3604 Lambinus
537 3554 701 3627 utrumqne
722 3545 825 3606 omisit
845 3554 876 3606 et
897 3545 970 3606 mitt
987 3554 1018 3604 et
1036 3542 1099 3610 sibi

154 3643 193 3720 45
215 3632 332 3728 Supra,
352 3647 459 3709 Lamb.
480 3671 558 3712 nunc
582 3651 626 3712 ad
644 3652 852 3724 minusculam,
875 3661 931 3713 etc.
955 3648 1081 3713 Veniam
1101 3669 1159 3710 non

193 3749 291 3824 dedit,
311 3751 340 3815 b.
361 3776 386 3816 e.
407 3755 462 3818 tibi
483 3778 544 3819 non
565 3761 718 3821 concessit.
740 3758 915 3841 Indignatus
930 3758 1054 3829 Caesar,
1076 3755 1157 3839 quod

193 3859 339 3935 Clodius,
359 3885 434 3946 quas
459 3886 476 3925 a
497 3888 529 3954 se
552 3867 654 3932 literas
680 3870 857 3954 accepisset,
882 3868 913 3930 in
940 3868 1100 3939 concione,
1120 3865 1158 3927 ad
