2632 4852
176 323 243 394 128
280 382 289 401 „
504 337 672 387 uursroua
697 340 841 405 cxuvrrr.
913 336 1139 403 ‘a.v.c.⁶99

171 455 340 544 quantum
363 441 493 538 literis,
516 452 686 541 quantum
710 439 832 513 studiis
866 441 1072 529 (veteribus
1098 468 1163 516 no·

169 569 250 641 stris
267 564 574 657 delectationibus)
591 566 759 667 consequi
776 567 988 666 poterimus,
1003 565 1042 642 id
1059 591 1163 640 omne

169 692 216 765 ad
240 691 419 766 arbitrium
442 703 564 790 tuum,
595 692 654 792 qui
678 690 765 765 hacc
790 715 935 792 semper,
953 693 1096 791 amasti,
1121 691 1167 765 li-

167 818 368 893 bentissime
393 817 617 892 conferemus.

215 970 241 1044 9
265 947 365 1038 Quae
390 944 436 1017 ad
460 969 517 1016 me
543 941 586 1014 de
612 942 680 1014 tuis
713 941 816 1014 rebus
835 940 1050 1029 ,domesticis
1076 943 1160 1015 scri-

166 1069 243 1170 bis,
276 1095 432 1174 quaeque
462 1068 549 1142 mihi
581 1065 824 1168 commendas,
854 1092 896 1140 ea
927 1079 1047 1139 tantae
1073 1066 1160 1139 mihi

167 1221 270 1270 curae
294 1206 394 1296 sunt,
409 1209 449 1269 ut
462 1209 510 1262 ¹²⁹
525 1219 582 1267 me
598 1191 708 1268 nolim
733 1191 926 1267 admoueri:
943 1191 1058 1291 rogari
1073 1217 1160 1266 vero

103 1384 105 1391 ,
166 1323 240 1394 sine
263 1346 391 1421 magno
418 1320 538 1395 dolore
562 1320 622 1395 rix
647 1344 799 1418 possum.

80 1426 84 1435 ’
221 1472 263 1520 ιο
289 1446 396 1538 Quod
421 1446 465 1520 de
490 1446 614 1540 Quinti
638 1444 751 1518 fratris
776 1443 917 1542 negotio
949 1441 1072 1516 scribis
1084 1498 1095 1542 ,
1122 1449 1159 1516 'te

164 1572 280 1672 priore
312 1586 465 1673 aestate,
502 1570 598 1673 quod
628 1569 755 1646 morbo
787 1567 975 1670 impeditus
1007 1569 1046 1641 in
1075 1567 1157 1644 citi-

165 1697 255 1770 ciam
274 1699 319 1748 ¹³⁰
343 1722 417 1771 non
448 1697 639 1796 transieris,
674 1697 846 1772 conficere
876 1719 950 1766 uon
982 1692 1158 1794 potuisse,

164 1837 259 1896 nunc
290 1837 408 1897 autem
444 1824 561 1896 omnia
598 1823 771 1896 iacturum
783 1877 795 1922 ,
826 1834 866 1894 ut
897 1820 1084 1894 conficias:
1120 1817 1156 1892 id

87 1974 90 1978 ·
163 1936 253 2024 scito
278 1975 352 2022 esse
384 1947 573 2048 eiusmodi,
603 1961 644 2021 ut
674 1947 781 2021 frater
811 1971 909 2021 meus
925 1970 1016 2019 ‘vere
1041 1944 1162 2018 existi-²

163 2087 255 2174 met,
293 2072 460 2149 adiuncto
494 2075 566 2148 isto
598 2073 707 2148 fundo
727 2075 771 2126 ¹³¹
804 2071 1055 2174 patrimonium
1085 2070 1154 2144 fore

162 2225 265 2273 suum
288 2226 353 2301 per
377 2215 413 2274 te
438 2202 675 2275 constitutum.

216 2352 254 2400 ιι
283 2315 340 2399 Tu
365 2353 421 2399 me
447 2318 491 2401 de
515 2327 584 2400 tuis
609 2326 713 2400 rebus
739 2323 918 2422 omnibus,
938 2336 975 2396 et
999 2321 1043 2396 de
1068 2324 1152 2397 Leu-

85 2501 89 2515 «
160 2448 225 2523 tuli
249 2453 301 2523 tui
325 2453 503 2552 nostrique
528 2451 652 2528 studiis
678 2466 714 2525 et
745 2447 1070 2547 exercitatiouihuS,
1094 2474 1149 2522 ve-

157 2573 221 2647 lim
246 2602 352 2675 quam
376 2575 635 2652 familiarissime
661 2553 866 2674 certiorem,
890 2587 927 2648 et
950 2600 1058 2676 quam
1084 2598 1150 2646 sae·

158 2699 300 2799 pissime
333 2699 459 2775 facias:
493 2703 753 2803 existimesque,
783 2701 959 2772 neminem
992 2700 1149 2799 cuiquam

158 2848 273 2927 neque
298 2826 481 2929 cariorem,
503 2823 617 2930 neque
634 2825 875 2900 iucundiorem
890 2849 1060 2926 umquam
1076 2823 1149 2896 fiiis·

157 2976 218 3052 se,
243 2978 347 3054 quam
378 2968 414 3027 te
445 2953 548 3027 mihi:
579 2953 685 3056 idque
717 2979 790 3053 me,
814 2978 888 3026 non
914 2950 1024 3024 modo
1049 2962 1091 3023 ut
1114 2962 1147 3021 tu

44 3118 48 3126 ·
157 3078 302 3177 sentias,
327 3079 390 3152 sed
413 3093 454 3152 ut
479 3105 600 3153 omnes
625 3094 760 3179 gentes,
787 3058 947 3152 etiam'ut
965 3077 1147 3177 posteritas

156 3203 270 3275 omnis
294 3203 480 3304 intelligat,
504 3230 579 3278 esse
607 3205 786 3280 facturum.

200 3353 253 3401 aa
278 3327 414 3430 Appius
438 3331 475 3402 in
500 3331 716 3404 sermonibus
741 3341 843 3404 autea
869 3324 1071 3427 dictitabat,
1087 3348 1146 3426 po·

155 3464 230 3525 stea
255 3452 342 3526 dixit
366 3456 471 3528 etiam
495 3457 533 3529 iu
558 3471 680 3530 senatu
704 3456 838 3557 palam:
863 3478 952 3552 sese,
969 3453 1000 3525 si
1015 3451 1144 3525 licitum

154 3591 246 3650 esset
270 3577 381 3678 legem
406 3581 573 3656 curiatam
598 3582 702 3681 ferre,
735 3582 948 3665 sortiturum*
968 3603 1044 3650 esse
1071 3599 1143 3649 cum

156 3701 287 3803 collega
311 3708 547 3807 provinciam,
580 3709 608 3781 si
641 3710 771 3781 curiata
799 3709 855 3781 lex
879 3729 952 3778 uon
979 3715 1089 3800 esset,
1110 3725 1143 3771 se

154 3842 356 3925 paraturum
374 3833 431 3931 ¹³²,
455 3833 588 3936 tibique
613 3859 866 3910 successurum:
896 3830 1012 3930 legem
1037 3827 1139 3903 curia·
