2632 4852
262 331 334 422 ’284
626 349 894 398 auuorarlouns

297 454 427 512 monem
448 453 598 533 primam,
619 471 655 510 ue
674 457 803 510 anianum
826 449 926 510 Publii
941 445 1146 532 offenderem,
1166 447 1256 512 Lam?

297 559 387 618 binus
420 561 571 640 expressit.
603 557 709 617 Bosius
740 577 775 617 ex
807 558 931 618 Decurt'.
959 558 1055 617 cauni
1086 557 1117 617 iu
1136 558 1255 620 :Publio

298 665 477 750 offenderem
497 685 589 746 quam
609 663 767 724 lectionem
787 667 851 745 ipse
871 656 975 745 postea
999 666 1131 725 mutavit
1158 666 1190 724 in
1215 664 1256 746 of-

289 772 447 856 ‘funderem
475 771 628 853 quomodo
657 771 747 851 vulgo
774 779 929 852 receptum
949 779 1002 830 est
1027 767 1153 852 Offendi
1169 772 1258 832 aniuti

299 882 342 939 ita
360 878 488 949 dicitur,
508 889 543 938 ut
562 878 631 956 angi
648 878 752 949 anani,
771 875 943 936 discruciari
958 876 1060 936 aulaei.
1100 886 1102 891 ’
1197 854 1202 862 ’

194 1065 198 1068 ι
261 1007 299 1047 ao
320 986 417 1045 Huius
439 985 619 1065 quaestionis
640 1005 760 1043 causam
782 986 846 1065 ipse
864 982 1027 1055 Cicero,ni
1043 981 1147 1056 fallor,
1161 987 1254 1065 aperit

297 1093 355 1153 illis
375 1090 495 1162 verbis,
516 1111 593 1171 quae
612 1088 899 1171 sequentum-quod
920 1088 1045 1150 Velim
1066 1090 1152 1150 heiu
1171 1091 1253 1150 iuter·

295 1200 357 1259 cao
377 1210 473 1258 monte
492 1197 523 1256 iu
540 1197 650 1258 Narem
667 1195 782 1276 defluit.
809 1199 899 1276 ¹Aqua
920 1194 1002 1256 lacus
1018 1196 1124 1258 'Velini
1146 1207 1184 1257 aa
1201 1217 1252 1256 na-

297 1316 367 1366 tura
386 1314 446 1377 est,
465 1313 500 1364 ut
529 1323 633 1362 sanum
652 1313 778 1383 augeat,
806 1316 1000 1384 quaecunque
1019 1300 1155 1376 defluat,
1186 1303 1254 1364 sibi-

298 1431 358 1493 que
378 1419 440 1470 met
459 1411 569 1469 ostium
594 1408 784 1470 intercludat.
803 1409 838 1469 ld
858 1410 918 1469 iam
938 1408 1055 1469 Plinius
1074 1412 1183 1481 sensit,
1204 1412 1253 1490 qui

300 1517 338 1577 H.
353 1517 392 1576 ‘Ni
414 1517 463 1589 ll,
483 1537 508 1574 o
534 1513 589 1576 106
608 1514 728 1576 scribit:
753 1515 794 1576 ln
821 1515 891 1576 lacu
918 1514 954 1577 V
950 1514 1161 1594 eliuoligmtm
1178 1514 1253 1576 deie-

297 1634 376 1684 ctum
397 1620 513 1706 lapideo
533 1623 637 1682 cortice
656 1620 816 1683 obducitur.
834 1621 874 1681 ln
885 1622 968 1682 exitu
977 1620 1101 1704 paludis
1114 1623 1255 1683 Reatinae

300 1748 409 1790 saxum
428 1729 537 1789 crescit.
558 1729 662 1804 Quum
674 1728 784 1809 'itaque
803 1727 906 1788 alveus
925 1748 944 1787 a
961 1725 1003 1786 Μ’
1018 1727 1114 1788 Curio
1128 1729 1254 1788 Dentato

299 1838 340 1912 A,
355 1836 394 1897 V.
415 1834 448 1895 C.
470 1834 626 1894 CDLXlll
646 1834 811 1915 patefactus
831 1854 901 1894 saxo
928 1845 1079 1895 crescente
1099 1835 1254 1916 paullatim

262 1963 265 1967 ⁷
299 1940 523 2014 obstrueretur,
543 1941 831 2021 lacusque'Velinus
852 1943 894 2000 ita
913 1952 1114 2014 excresceret,
1135 1952 1171 2002 ut
1183 1942 1254 2002 Rea·

290 2049 391 2107 tinam
412 2048 520 2107 vallem
544 2048 604 2106 iam
631 2047 811 2128 impleturus
830 2031 1000 2117 videretur,
1029 2047 1063 2107 id
1092 2049 1190 2129 egisse
1215 2050 1255 2109 vi·

299 2154 408 2215 dentur
427 2154 561 2224 Reatini,
581 2164 616 2213 ut
634 2153 722 2214 alveo
742 2153 874 2214 Curiano
895 2153 1021 2224 refecto,
1040 2155 1186 2215 interciso
1206 2157 1269 2241 ite-¹

298 2281 368 2319 rum
388 2271 507 2333 monte,
526 2260 669 2322 Velinum
690 2259 789 2320 lacum
810 2262 980 2342 copiosius,
1004 2280 1097 2340 quam
1118 2254 1208 2322 antea
1225 2262 1255 2319 in

299 2367 409 2426 Narem
434 2368 612 2428 emitterent.
634 2366 788 2449 Suppositi
809 2367 1039 2440 Interamnates,
1051 2369 1202 2428 timentes
1220 2386 1254 2426 ne

298 2473 359 2532 Nar
389 2475 475 2562 aquis
500 2473 609 2534 Velini*
631 2484 736 2532 auctus
760 2475 792 2533 in
816 2493 887 2533 suos
911 2493 1034 2555 campos
1048 2483 1254 2556 erumperet,

290 2575 417 2640 'causam
433 2580 470 2640 de
489 2579 599 2641 damno
620 2579 729 2639 inlecto
749 2579 832 2661 apud
852 2579 1005 2640 consulem
1025 2579 1187 2653 dicebant,
1205 2589 1253 2639 aut

297 2688 386 2745 etiam
407 2687 445 2746 de
465 2687 573 2747 Velino
604 2707 666 2746 non
687 2685 869 2761 emittend03
899 2686 948 2748 vel
973 2689 1101 2759 rectius,
1133 2686 1252 2747 flumine

300 2793 360 2851 iam
392 2796 519 2866 emisso,
550 2797 697 2854 actionem
727 2794 764 2853 de
796 2793 906 2854 damno
937 2804 1092 2854 contracto
1121 2793 1250 2854 intende-

299 2898 382 2960 bant.
404 2900 489 2960 Hanc
510 2905 711 2961 coniecturam
733 2899 912 2960 confirmant
931 2901 1060 2972 multae,
1074 2923 1155 2982 quae
1173 2901 1251 2961 dein-

298 3027 368 3089 ceps
387 3018 471 3067 ortae
495 3020 576 3079 suut,
604 3009 826 3068 controversiae
845 3007 884 3066 de
902 3005 960 3067 hac
980 3029 1011 3067 re
1037 3009 1118 3068 iuter
1139 3019 1250 3068 utrum-

300 3136 359 3196 que
388 3115 558 3197 populum,
589 3136 724 3196 quasque
751 3115 854 3176 videre
878 3117 976 3174 estin
1000 3113 1141 3194 diligenti
1166 3132 1250 3195 opere

297 3221 435 3281 llirerclie
454 3223 584 3282 istoriole
601 3242 616 3280 e
631 3221 734 3300 fisiclte
756 3221 834 3282 sulla
858 3219 968 3281 codicia
988 3218 1067 3280 delle
1088 3221 1251 3288 Mamure,

298 3326 332 3386 di
352 3327 499 3411 Giuseppe
519 3327 663 3388 lliccardi.
684 3328 796 3403 Roma,
820 3327 910 3400 1825,
931 3329 960 3386 iu
980 3327 1008 3388 8.

259 3450 292 3490 21
318 3434 450 3515 Appium
479 3435 638 3496 Claudium
663 3434 842 3495 Pulchrum.
866 3436 912 3493 De
938 3432 997 3493 hac
1017 3433 1148 3495 Reatina
1167 3452 1248 3494 causa

296 3539 397 3601 varro
417 3542 453 3601 R.
473 3543 509 3603 R.
530 3543 593 3614 lll,
613 3563 647 3613 a,
668 3552 697 3602 et
717 3533 813 3601 Tacit.
834 3543 908 3600 Ann.
930 3541 958 3612 l,
980 3563 1028 3623 79.
1050 3541 1170 3601 Manat.
1192 3540 1246 3616 Qui

298 3642 399 3706 tamen
419 3648 456 3708 de
475 3648 584 3711 Velino
605 3669 692 3708 amne
712 3650 828 3730 potius,
849 3666 941 3728 quam
961 3646 999 3707 de
1020 3646 1079 3708 hac
1100 3648 1245 3709 causalo

299 3763 443 3832 quuntur.
463 3755 494 3815 A
514 3755 569 3816 M?
589 3758 717 3816 correxit
736 3756 861 3829 Bosius3
882 3755 953 3815 olim
973 3775 994 3814 a
1014 3755 1060 3814 M.

263 3875 300 3916 22
314 3858 361 3920 De
374 3861 574 3924 excelsissimis
584 3864 898 3946 ¹praeruptissimisque
912 3860 1060 3938 cautibus,
1072 3883 1150 3944 quae
1159 3858 1241 3939 vulgo
