2632 4852
540 351 581 404 ru.
606 349 798 400 arrsroms
1091 332 1162 428 343

203 452 262 512 boc
282 452 405 512 nomine
426 461 530 511 curte
551 472 612 511 uon
632 452 782 534 appellem
803 455 919 526 nescio,
939 456 1054 514 etiamsi
1076 457 1163 518 iuris-

202 558 356 619 consultus
377 557 464 617 valde
484 578 546 618 non
572 560 620 618 sis.
646 559 693 618 De
716 580 752 620 eo
780 561 811 617 in
837 580 884 642 ep.
914 538 1102 634 dexxn,
1128 563 1161 623 3:

202 665 237 724 J..
261 665 297 726 V
293 665 417 725 aleman
441 663 547 724 ICtum
573 663 658 724 valde
687 666 738 724 tihi
760 663 946 739 comawndo;
973 666 1027 726 sed
1051 669 1163 729 cunoni

202 783 324 832 nonest
346 769 443 831 lctus.
467 771 545 831 Hinc
573 770 624 830 illa
651 770 833 831 audacm—
848 772 932 833 licem
958 775 1006 834 uli.
1029 772 1115 835 Amb.
1143 795 1161 834 a

201 880 344 938 iumcons.

159 1005 178 1044 2
201 984 369 1067 Spintheri,
389 984 525 1045 Ciliciam
545 980 605 1046 hoc
625 1004 705 1044 anno
725 984 953 1047 administranti.
975 986 1039 1048 Cur
1058 998 1162 1049 noster

200 1091 385 1174 appelletur,
405 1090 457 1151 vid
476 1090 515 1151 ad
536 1112 581 1174 ep.
603 1090 826 1154 CCCXXXVI.

160 1199 179 1258 3
202 1197 467 1260 Commendatitiis.
488 1197 517 1258 I.
540 1198 592 1257 Fr.
616 1196 743 1259 Gronov.

156 1306 178 1382 4
201 1306 236 1365 ln
249 1305 361 1365 Cilicia.
370 1305 536 1387 iurisperiti
548 1307 774 1388 provinciarum
781 1305 933 1388 praesides
944 1306 1059 1368 consilii
1072 1329 1161 1369 causa

201 1433 431 1493 nonnumquam
447 1411 659 1493 sequebantur.
680 1412 731 1472 Sic
745 1411 923 1473 Trebatium
940 1413 1045 1474 Cicero
1059 1435 1159 1475 secum

199 1519 309 1580 ducere
323 1518 456 1592 volebat,
470 1540 664 1602 quocumque
678 1522 784 1596 exiret,
798 1541 845 1602 ep.
861 1520 1031 1581 CXXXIII.

159 1623 356 1708 bsignificat
375 1647 445 1686 eum
467 1625 509 1686 ibi
530 1648 609 1699 esse,
628 1625 681 1687 ubi
703 1627 778 1687 nulli
806 1627 866 1687 sint
893 1626 942 1687 alii
965 1627 1037 1687 lCti.
1058 1628 1086 1686 I.
1107 1628 1160 1688 Fr.

201 1733 327 1794 Gronov.

156 1836 179 1900 6
199 1839 323 1901 Codices
343 1840 405 1901 fere
425 1860 529 1901 omnes
551 1852 581 1901 et
602 1838 669 1901 edd.
684 1850 756 1901 vett.
775 1838 858 1901 istinc
873 1862 950 1901 nuuc
964 1842 1081 1902 veniunt
1086 1866 1095 1916 ,·
1109 1842 1161 1902 sed

198 1968 233 2009 ex
252 1945 322 2007 trib.
342 1947 418 2008 Pall.
443 1948 531 2009 Grut.
552 1959 583 2007 et
603 1947 703 2007 Stevv.
726 1947 836 2008 delevit
857 1946 1047 2007 Gebhardus.

160 2053 287 2133 plocus
313 2054 420 2114 leviter
443 2074 580 2137 pungens
607 2053 722 2114 Valerii
750 2054 955 2135 imperitiam,
981 2051 1065 2134 quod
1091 2073 1160 2113 eum

197 2180 288 2221 nemo
310 2160 488 2220 consuleret.
508 2161 633 2221 Nomine
654 2159 827 2220 consulente
847 2180 946 2240 neque
967 2157 1017 2219 ille
1037 2179 1161 2241 respon-

196 2266 268 2329 dere
285 2278 414 2350 poterat.
435 2264 494 2327 Sed
514 2265 655 2350 superbus
668 2245 779 2327 dicitur
794 2267 879 2347 quasi
894 2264 1076 2348 respondere
1089 2286 1160 2326 con-

197 2373 363 2434 sulentibus
384 2373 605 2455 dedignaretur.
627 2373 706 2433 Hinc
727 2373 979 2445 contumeliosum,
1001 2371 1085 2454 quod
1098 2382 1159 2432 sta-

197 2484 252 2541 tim
280 2483 435 2563 sequitur,
463 2483 565 2564 accipe
595 2501 653 2564 pro
685 2481 836 2564 imperito,
861 2479 998 2552 indocto,
1024 2489 1059 2540 ut
1084 2478 1161 2540 vidit

195 2588 360 2648 Manutius.
382 2587 494 2647 Similis
516 2591 599 2648 iocus
620 2599 664 2648 est
681 2589 713 2648 in
733 2609 780 2671 ep.
801 2586 952 2649 CXLVII.
975 2584 1160 2668 Respondeas

195 2693 329 2754 solemne
350 2693 479 2755 verbum
500 2695 537 2754 de
559 2695 637 2756 ICtis
658 2695 695 2755 de
716 2696 781 2755 iure
802 2695 1003 2774 interrogatis.

154 2798 175 2860 8
196 2799 309 2862 Sebiitz
336 2812 499 2884 praeeunte
519 2801 754 2883 Mart-Laguna
776 2801 858 2885 quod
876 2802 973 2875 male,
993 2800 1092 2862 deleto
1112 2818 1159 2859 ne-

193 2904 359 2987 spondeas,
378 2907 463 2989 quod
482 2918 583 2968 tamen
604 2919 685 2970 recte
706 2911 848 2973 iteratum
869 2908 944 2968 mihi
965 2908 1093 2969 videtur.

153 3035 174 3097 9
194 3012 285 3076 amb.
311 3017 345 3076 13
356 3012 414 3096 sac
434 3017 652 3097 quamprimum
672 3017 787 3089 venias,
806 3037 870 3077 non
889 3018 998 3096 inepte.

160 3143 196 3183 ro
218 3121 253 3182 ln
275 3143 337 3203 qua
356 3122 433 3183 forte
453 3134 559 3194 natus,
579 3134 632 3183 aut
652 3134 790 3183 versutus
810 3134 863 3183 cst.

158 3250 188 3288 ιι
215 3228 308 3307 Quod
321 3233 346 3290 si
359 3230 506 3303 Romam,
518 3233 631 3312 inquit,
645 3232 763 3303 venies,
776 3232 847 3302 crit,
863 3229 914 3309 qui
933 3237 962 3287 te
977 3225 1093 3287 salvum
1109 3245 1159 3283 ve-

192 3337 275 3397 nisse
295 3336 446 3417 gaudeat‚
472 3340 502 3398 in
523 3338 665 3422 Apuliam
691 3359 798 3412 nemo,
824 3326 894 3396 nam
922 3332 963 3393 ibi
992 3333 1158 3402 neminem,

193 3444 299 3524 quite
320 3454 496 3525 cognoscat,
517 3446 657 3505 invenies.
678 3443 759 3504 Nihil
780 3454 885 3512 muto,
905 3440 957 3501 sed
977 3460 1040 3499 non
1053 3437 1159 3520 displi-

192 3561 241 3610 cet
261 3548 351 3610 lectio
371 3562 508 3612 veterum
534 3550 700 3612 editionum
721 3552 885 3633 legentium
905 3549 1019 3609 salviam
1041 3558 1067 3604 te
1087 3566 1111 3603 v.

157 3677 192 3718 12
216 3657 305 3718 Amb.
345 3659 380 3736 14
411 3663 569 3738 cognosces
597 3672 747 3742 tamquam
777 3657 899 3738 Vlysses
932 3668 1073 3724 tuorum,
1104 3658 1159 3710 etc.

198 3765 368 3846 Tamquam
383 3767 416 3828 V
417 3767 521 3846 lassos,
542 3770 593 3848 qui
611 3767 764 3828 dormiens
785 3788 802 3826 a
822 3760 1010 3825 Phaeacibus
1026 3763 1057 3820 in
1072 3759 1160 3818 litore

194 3871 346 3935 Ithacensi
373 3875 540 3956 expositus,
562 3895 632 3936 mox
646 3886 835 3958 experrectus
849 3873 977 3957 patriam
992 3889 1052 3928 nou
1068 3883 1161 3946 agno·
