2632 4852
165 343 235 416 272
454 322 457 327 ⁴
523 332 793 384 Anuorarrouas

200 437 352 498 dolentem
369 434 637 517 interpretabatur,
658 457 735 517 quae
748 435 834 496 dolos
854 455 924 496 suos
938 448 1100 518 praetextu
1113 461 1160 500 ex·

201 554 304 614 ornat,
324 553 354 603 et
374 542 431 604 illis
451 541 585 622 aliquam
604 540 717 601 bonam
738 560 858 602 causam
871 543 1057 624 praetendit,
1071 557 1158 628 puta,

202 650 298 731 leges,
318 660 347 710 et
373 651 455 720 iura,
476 659 529 707 aut
549 646 654 707 simile.
675 647 848 729 Simplicius
870 650 892 708 1.
907 649 959 710 Fr.
973 649 1159 724 Gronovius,

202 756 271 827 iiia,
290 757 402 836 inquit,
422 764 456 813 ut
469 774 597 835 persona
611 756 741 826 comica,
754 753 892 814 manibus
906 775 1021 837 gypso,
1040 763 1077 818 'ut
1095 778 1161 819 aaa·

200 862 330 922 didiores
344 871 454 931 essent,
468 859 563 929 illitis,
579 880 684 919 vocem
694 858 881 942 gubernans,
890 871 926 922 ut
937 861 1063 923 Patron.
1073 882 1100 923 o.
1113 863 1159 944 87.

199 968 272 1028 Mox
292 964 399 1026 Lamb.
420 965 489 1025 illae
508 965 584 1026 vitio.

159 1075 180 1136 8
199 1073 277 1135 Edd.
298 1076 373 1134 lens.
394 1073 468 1132 Min.
487 1092 509 1132 a
525 1073 625 1153 pomis
642 1072 756 1154 procul.
782 1073 853 1133 Mox
882 1072 990 1134 Lamb.
1011 1072 1094 1136 donni
1112 1076 1160 1157 qui

199 1192 325 1241 aemtem
344 1189 472 1259 egerunt.

159 1285 315 1368 9Cavere
334 1284 476 1344 dieantur
495 1285 618 1366 proprie
639 1284 714 1359 loti3
734 1283 803 1344 vide
824 1283 968 1344 Indicam.

166 1414 201 1453 ιο
221 1393 257 1452 Ιιι
276 1391 462 1452 Britanniam
486 1388 664 1456 Trebatium
692 1410 754 1450 non
782 1389 869 1450 ivisse
894 1399 1070 1451 constater
1091 1411 1155 1472 epp.

198 1498 320 1570 CXLV,
341 1497 406 1569 CL,
427 1506 514 1568 extr„
536 1506 567 1556 et
587 1495 769 1563 cnxxvli,
811 1524 814 1529 ·

163 1625 194 1664 ιι
218 1602 310 1665 Amb.
330 1603 362 1674 3,
383 1623 400 1682 7
421 1615 450 1662 et
462 1603 608 1684 quoniam.
628 1603 711 1662 Tum
723 1600 789 1661 edd.
803 1610 874 1661 vett.
886 1602 972 1683 coepi
984 1601 1030 1662 M.
1044 1620 1093 1674 a.,
1112 1601 1155 1662 vel

201 1731 226 1768 a.
247 1730 276 1769 α.
296 1708 341 1769 Μ.
732 1691 734 1695 ¹

83 1849 85 1854 2
165 1837 199 1876 ιι
220 1813 307 1875 Amb.
333 1816 367 1874 13
388 1816 443 1897 ipsi
467 1814 530 1876 sibi.
551 1813 666 1873 Omnes
686 1812 770 1885 libri,
789 1822 908 1895 praeter
935 1832 972 1885 2,
991 1823 1060 1872 tum
1090 1815 1154 1874 scri-

196 1923 260 2003 pti,
280 1931 345 1981 tum
366 1923 447 2002 typis
472 1921 587 1993 excusi,
607 1921 714 2002 nequit.
735 1917 902 2001 vulgatum
928 1938 990 1979 non
1009 1920 1075 2002 quit
1099 1930 1152 1991 est,

198 2030 322 2110 opinor,
343 2048 361 2086 a
382 2027 541 2098 Victoria,
560 2038 592 2087 et
613 2025 706 2087 habet
724 2025 812 2085 emb.
834 2045 861 2084 2.
880 2025 1033 2107 Effatum-
1047 2028 1150 2087 iterum

198 2133 339 2195 laudatur
356 2143 513 2221 tamquam
533 2153 572 2199 ex
591 2131 692 2199 Ennio
712 2130 750 2200 de
771 2130 833 2191 off.
859 2130 919 2203 ill,
944 2129 991 2192 15.

572 2371 742 2437 CXXXVI.

162 2581 171 2619 1
198 2559 305 2620 tmbb.
327 2562 361 2633 3,
382 2570 410 2620 et
431 2581 448 2640 7
469 2560 687 2641 Sapientissime
706 2578 745 2629 s,
765 2555 812 2618 ed.
833 2555 889 2619 Ro.
916 2555 955 2615 de
985 2569 1013 2616 te
1033 2557 1149 2639 scripsi,

195 2664 462 2748 diligentissimeque
482 2688 505 2753 s.
1027 2742 1032 2751 .

159 2790 176 2828 2
198 2770 243 2829 ita
263 2769 351 2831 Amb.
371 2768 406 2843 6,
427 2792 460 2851 7,
486 2769 536 2843 15,
556 2769 617 2830 zet.
638 2769 747 2833 Bcum
761 2768 905 2852 vulgatis3
920 2767 1033 2855 reliqui
1049 2765 1147 2828 etedd.

196 2886 266 2936 vett.
285 2876 459 2960 asseruntur.
744 2916 747 2923 ι

43 3011 46 3018 ’
157 2984 175 3041 3
196 2983 246 3043 Sic
266 2994 297 3043 et
316 3005 363 3066 ep.
382 2984 523 3055 CXLIX,
544 3005 576 3064 7:
591 2983 692 3044 Etiam
703 2981 779 3044 illud
790 2982 850 3041 iam
861 2983 1009 3060 cognitum
1029 2991 1147 3055 ceneto

60 3116 62 3122 ·
193 3088 247 3148 ubi
269 3091 345 3150 vide.
367 3089 427 3172 Spe
447 3089 559 3172 predae
578 3091 730 3149 Romanos
751 3091 783 3148 in
802 3087 994 3162 Britanniam
1015 3089 1147 3148 transisse

194 3196 288 3277 aliqui
308 3218 343 3260 ex
363 3196 422 3255 hoc
442 3197 510 3256 loco
532 3198 702 3256 coniiciunt
724 3193 759 3255 ld
780 3193 899 3254 Caesari
921 3214 985 3253 non
1005 3192 1146 3255 convenit

194 3301 315 3363 locatur
336 3303 441 3363 Cicero
461 3305 493 3363 in
514 3302 648 3363 Trebatii
669 3301 822 3362 libidinem
844 3300 1021 3361 ditescendi.

154 3407 281 3482 dbmb.
302 3431 319 3489 7
346 3410 470 3490 recipim
488 3431 512 3468 s.
522 3453 533 3481 ,
552 3409 613 3469 Zel.
634 3410 658 3467 B
679 3419 710 3469 et
729 3408 795 3468 edd.
815 3417 887 3467 vett.
916 3410 1030 3468 rectius
1053 3405 1146 3488 rapias

192 3513 319 3587 suadeo,
339 3516 491 3575 Manutius
511 3537 533 3574 s.
554 3518 660 3597 rapias.
680 3516 728 3575 De
752 3512 870 3584 essedo,
891 3511 979 3572 brevi
1006 3522 1039 3573 et
1064 3508 1144 3571 celeri

194 3617 396 3681 barbarorum
417 3622 571 3693 vehiculo,
592 3644 626 3682 er
647 3642 708 3702 quo
729 3640 862 3703 pugnam
886 3618 1021 3692 inibant,
1043 3619 1142 3678 Caesar

193 3723 225 3784 B.
240 3725 316 3786 Gaii.
337 3727 378 3800 V,
402 3727 454 3800 16,
474 3728 637 3791 lornandes
656 3731 726 3790 Rer.
740 3725 830 3788 Goth.
852 3747 888 3799 2,
908 3737 938 3788 et
958 3725 1048 3807 Virg.
1063 3724 1141 3785 Geor.

195 3828 254 3903 ΙΙΙ,
274 3832 342 3910 ²⁰4·
474 3905 476 3909 Ι
766 3835 768 3839 ’
