2632 4852
278 318 348 392 358
641 332 909 383 anuortrronxs

282 445 314 502 13
336 443 487 522 Septimus
508 449 537 498 et
557 438 690 496 decimus
712 438 834 517 quintus
854 434 1043 495 adlwrlubor.

282 551 315 625 ¹4
335 547 495 607 Mediocris
515 547 594 604 enim
615 546 795 625 exspectatio
815 542 998 602 mediocrem
1021 542 1205 604 industriam
1219 550 1274 606 vir·

315 665 470 734 tutemque
489 651 636 733 postulat3
658 649 710 710 sed
730 647 926 710 incredibilem
947 650 1011 709 sine
1032 671 1153 710 summa
1169 654 1275 712 virtute

314 783 403 820 nemo
423 763 530 820 vincet,
556 757 605 817 Sic
625 759 656 817 iu
678 777 746 839 epp.
769 754 913 827 CLXVI,
934 776 967 831 23
989 754 1135 829 CLXIX,
1160 780 1179 818 a
1201 761 1274 818 med.

315 879 425 946 etseq.
447 865 609 925 Manutius.

280 974 314 1032 15
335 977 412 1054 Apte
432 983 463 1032 et
488 973 627 1054 proprie,
648 973 720 1051 quia
745 968 860 1030 dixerat
881 973 1136 1051 exspectationem
1163 976 1190 1032 ei
1218 994 1275 1032 esse

315 1102 437 1162 gravem
458 1079 663 1141 adversarium.
685 1077 770 1139 Vidit
790 1078 952 1137 Manutius.

280 1188 314 1247 16
335 1189 384 1247 Sic
404 1208 473 1247 cum
494 1187 573 1248 Vict.
594 1197 624 1245 et
645 1183 786 1244 Schiitzio
814 1183 940 1265 aliisque
968 1206 1046 1244 uuus
1075 1186 1275 1266 quintusdec.;

314 1297 419 1366 ceteri,
441 1306 473 1354 ut
493 1293 599 1375 vulgo,
620 1291 821 1352 laborandum.
843 1291 1010 1352 Lambinus
1032 1290 1064 1351 id
1084 1294 1118 1352 iis
1140 1315 1203 1352 esse
1224 1295 1240 1353 l.

279 1423 313 1480 17
335 1401 385 1461 Zet
405 1401 429 1459 B
450 1401 505 1461 nisi
524 1413 575 1460 tun
593 1422 616 1460 s.
636 1422 658 1459 s.
681 1401 831 1459 incitatum
852 1412 878 1458 le
898 1421 969 1458 esse.

698 1640 847 1701 CLXXV.

279 1849 287 1886 1
315 1828 407 1898 idest,
427 1826 476 1887 hic
497 1827 554 1887 loci
575 1839 605 1888 et
625 1828 684 1886 hoc
705 1838 842 1908 tempore
863 1829 916 1907 qui
939 1838 1032 1887 status
1054 1830 1092 1887 sit
1116 1831 1161 1888 rei
1182 1828 1261 1910 pubi.

275 1956 290 1992 2
313 1937 444 1993 Tantum
466 1933 568 2005 abest,
588 1945 623 1993 ut
642 1956 698 2016 per
717 1937 843 1994 nuncios
865 1934 996 1994 audeam
1018 1935 1207 2014 significare,
1226 1938 1272 2016 qui

313 2061 400 2122 saepe
420 2040 554 2122 produnt
574 2062 679 2102 eorum
700 2040 769 2100 fidei
792 2043 960 2131 commissa.
984 2041 1105 2100 Manat.
1130 2043 1202 2102 Mox
1222 2064 1273 2102 no-

313 2161 444 2208 strorum
464 2149 551 2210 multi
572 2148 668 2208 ntideo
689 2168 826 2221 narrare3
847 2149 906 2208 Zci.
928 2149 952 2206 B
972 2147 1072 2209 audeo
1093 2170 1240 2210 enarrare.

275 2255 292 2313 3
314 2256 402 2332 Quae
416 2254 544 2336 epistola
557 2275 619 2314 non
632 2265 736 2315 exstat.
749 2255 866 2314 Manat.
880 2252 990 2314 Ambb.
1005 2249 1067 2315 ¹fere
1083 2277 1190 2316 omnes
1203 2271 1272 2317 ante.
1309 2238 1311 2243 ¹

271 2361 292 2436 4
313 2362 347 2419 ln
362 2364 514 2422 communi
533 2361 677 2443 periculo.
696 2361 773 2421 Cort.
789 2361 863 2421 Mox
877 2363 960 2433 oles,
973 2364 1120 2422 nimirum
1137 2374 1272 2445 quaestor

312 2470 341 2526 in
366 2470 449 2538 Asia,
469 2479 504 2527 ut
524 2468 652 2528 diximus
672 2468 711 2528 ad
731 2490 777 2551 ep.
799 2469 925 2531 CLXVI
947 2470 1010 2528 init.
1072 2505 1075 2511 ι

272 2568 370 2632 &Zet
391 2573 415 2631 B
434 2575 542 2634 illustri
563 2587 592 2633 et
618 2575 744 2635 excelso.
767 2575 837 2634 Mox
865 2576 921 2634 situ
948 2588 992 2635 est
1018 2581 1151 2638 correxit
1179 2577 1270 2637 Eme-

311 2682 398 2750 stius‚
423 2690 453 2739 et
477 2692 655 2762 receperunt
681 2684 877 2763 posteriores:
905 2683 1060 2764 praecedit
1088 2687 1171 2744 enim
1192 2684 1268 2744 vides.

312 2786 387 2844 Ante
408 2785 493 2845 ilium
514 2788 571 2846 situ
590 2789 632 2846 sit.
656 2789 736 2847 Tum
759 2789 818 2848 Zel.
841 2795 866 2847 A
887 2790 974 2848 virttis
996 2802 1056 2849 tun.

128 2928 133 2946 .
173 2940 175 2945 s
270 2889 474 2973 61mperium
490 2893 578 2953 Rom.
593 2896 624 2953 in
643 2895 715 2954 cives
736 2906 766 2955 et
781 2900 873 2955 socios
887 2895 1091 2980 dividebatur.
1116 2897 1268 2957 Sociorum

307 2997 396 3078 plura
417 3019 526 3078 genera
545 3001 661 3072 Latini,
682 3001 792 3072 Italici,
813 3002 1035 3077 Provinciale53
1057 2980 1198 3083 quorum
1217 3006 1267 3062 La·

309 3106 360 3162 tini
382 3107 447 3164 inre
467 3117 497 3165 et
518 3106 690 3167 conditione
711 3109 792 3168 Italis
820 3110 943 3189 reliquis
972 3110 1188 3190 praestabant,
1210 3109 1266 3171 itali

307 3232 379 3271 vero
400 3211 649 3275 provincialibus.
665 3216 780 3276 Murem.
803 3217 945 3276 Decimus
960 3238 1016 3276 sec.
1032 3231 1231 3298 praepostere
1244 3227 1266 3273 et
1309 3278 1312 3285 Δ

307 3318 408 3377 civium
428 3331 458 3379 et
475 3321 627 3381 sociorum.

268 3439 284 3500 7
307 3423 412 3484 Sextus
440 3438 469 3486 et
497 3427 558 3487 dec.
583 3430 729 3489 secundus
750 3429 803 3490 sed
827 3430 1009 3504 clarissimn3
1038 3431 1186 3514 idemque
1211 3430 1262 3489 dec.

305 3531 452 3590 secundus
473 3532 527 3591 sed
546 3535 707 3596 clarissimo
727 3549 755 3595 ct
776 3539 838 3597 viru
858 3550 887 3596 ct
907 3557 966 3596 nna
986 3540 1120 3598 omnium
1138 3562 1180 3610 v.,
1192 3533 1260 3618 quod

304 3641 429 3720 propius
450 3639 535 3699 abest
555 3663 572 3700 a
592 3642 655 3702 Pal.
678 3665 762 3724 quar.
784 3636 822 3703 et'
834 3664 892 3703 unu
913 3646 1046 3704 omnium
1067 3658 1098 3704 et
1117 3649 1181 3706 vivo
1197 3663 1259 3702 voce.

305 3741 363 3800 Sed
384 3745 545 3806 clarissima
565 3760 594 3822 et
616 3771 675 3810 iuro
695 3750 771 3811 bene
793 3751 974 3832 respondent
993 3751 1204 3833 superioribus
1217 3766 1259 3807 nec

305 3848 442 3923 obscuro,
463 3874 516 3913 nec
537 3858 625 3915 curio.
727 3838 732 3847 ¹
