2632 4852
172 315 239 387 160
524 333 692 382 nrrsront
717 337 797 384 cuir.
846 389 848 398 Α
943 335 974 383 i.
991 337 1024 382 v.
1043 336 1072 382 c,
1089 335 1142 396 ⁶99

165 439 395 512 Comitiorum
419 436 576 542 quotidie
601 436 726 535 singuli
747 437 820 508 dies
838 436 1007 510 tolluntur
1024 437 1157 509 obnun-

165 563 366 637 tiationibus
380 565 407 662 ⁸,
431 588 556 661 magna
581 561 761 636 voluntate
785 561 960 634 bonorum
985 565 1156 634 omnium:

165 704 262 762 tanta
285 688 419 763 invidia
443 702 525 761 sunt
558 687 717 790 eonsules
749 702 895 788 propter
923 689 1158 788 suspicionem

162 829 348 915 pactorum
375 840 396 886 a
429 813 623 887 candidatis
661 815 894 914 praemiorum
910 832 935 885 ⁹.
969 813 1158 888 Candidati

163 940 360 1013 consulares
387 954 554 1041 quatuor,
578 964 699 1012 omnes
724 941 792 1039 rei,
815 965 938 1012 causae
963 953 1046 1012 sunt
1072 939 1159 1010 diffi-

162 1065 262 1166 siles,
287 1064 349 1137 sed
373 1065 562 1164 enitemur,
577 1079 618 1137 ut
637 1064 785 1136 Messala
809 1078 930 1138 noster
953 1063 1072 1136 salvus
1096 1064 1158 1161 sit,-

162 1190 260 1296 quod
294 1205 348 1263 est
379 1191 485 1266 etiam
517 1216 597 1263 cum
634 1189 846 1291 reliquorum
865 1205 894 1242 ¹⁰
924 1189 1039 1262 salute
1072 1212 1178 1262 conr

124 1320 127 1333 '
161 1317 327 1389 iunctum,
1054 1415 1057 1421 Ι

211 1443 232 1516 3
259 1441 448 1517 Gabinium
474 1440 518 1513 de
544 1439 677 1515 ambitu
701 1467 799 1515 reum
830 1439 912 1515 lecit
935 1440 974 1514 P.
1000 1439 1096 1512 Sulla
1116 1457 1152 1537 ¹¹,

160 1566 398 1640 subscribente
422 1567 584 1666 privigno
609 1567 794 1666 Memmio,
821 1564 926 1639 fratre
951 1565 1106 1640 Caecilio
1125 1583 1157 1663 ¹²„

161 1692 274 1765 Sullae
299 1691 380 1764 filio.
405 1694 537 1766 Contra
562 1691 650 1765 dixit
672 1694 711 1766 L.
737 1693 953 1792 Torquatus,
977 1690 1153 1764 omnibus·
1192 1741 1194 1749 ι

161 1843 228 1919 que
252 1817 440 1890 libentibus
465 1844 538 1891 non
564 1817 723 1891 obtinuit.
750 1818 912 1917 Quaeris,
929 1816 1015 1918 quid
1032 1819 1094 1889 fiat
1110 1815 1151 1888 de

74 1930 80 1938 ’
160 1942 337 2016 Gabinio?
357 1945 386 1992 ¹³
411 1942 566 2016 Seiemus
593 1943 637 2016 de
662 1945 841 2016 maiestate
860 1943 890 2008 ¹4
916 1942 1052 2016 triduo:
1084 1967 1163 2042 quo

159 2069 301 2170 quidem
324 2069 362 2144 in
385 2067 515 2143 iudicio
550 2068 632 2141 odio
665 2070 835 2171 premitur
868 2069 1026 2141 omnium
1052 2093 1151 2166 gene-

158 2220 235 2266 rum
247 2222 258 2294 ,
294 2195 442 2270 maxime
462 2197 490 2244 ¹⁵
517 2193 663 2267 testibus
680 2166 865 2293 'caeditur3
895 2193 1152 2270 accusatoribus

158 2311 386 2418 frigidissimis
404 2321 530 2418 utitur,
555 2319 755 2419 eonsilium,
774 2320 909 2393 varium
923 2323 963 2418 ¹⁶,
981 2295 1153 2423 quaesitor

159 2445 273 2541 gravis
299 2457 336 2517 et
359 2447 499 2543 firmus,
522 2443 652 2543 Alfius,
684 2444 875 2544 Pompeius
904 2443 1093 2517 vehemens
1117 2444 1152 2514 in

159 2569 331 2642 iudicibus
356 2571 519 2669 rogandis
539 2588 577 2642 ¹⁷.
616 2571 712 2663 Quid
747 2571 900 2643 futurum
925 2571 987 2668 sit,
1012 2569 1154 2664 nesci05>

158 2693 276 2767 locum
300 2709 418 2769 tamen
443 2696 492 2768 illi
509 2699 546 2769 in
563 2699 704 2771 civitate
720 2723 793 2769 non
811 2697 913 2770 video
928 2679 968 2767 ¹⁸¹.
987 2696 1154 2768 Animum

156 2819 308 2920 praebeo
335 2821 381 2894 ad
405 2821 494 2894 illius
519 2822 726 2922 perniciem,
760 2820 1000 2918 moderatum,
1030 2821 1075 2892 ad
1099 2845 1148 2892 re·

157 2975 235 3040 rum
259 2963 440 3049 eventum,
472 2949 694 3023 lenissimum.
729 2949 846 3044 Habes
871 2946 942 3020 sere
968 2947 1015 3020 de
1040 2945 1147 3020 omni·

156 3073 221 3146 bus
247 3073 358 3147 rebus.

191 3200 229 3292 d
253 3200 372 3274 Vnum
397 3199 484 3271 illud
509 3200 645 3276 addam.
669 3202 800 3289 ¹Cicero
835 3214 930 3297 tuus,
963 3214 1150 3298 nosterque,

155 3349 292 3396 summo
317 3324 433 3397 studio
458 3339 511 3398 est
535 3327 680 3399 Paeonii
705 3328 759 3398 sui
783 3325 948 3422 rhetoris,
976 3324 1146 3423 hominis,

154 3449 297 3548 opinor,
322 3450 424 3524 valde
449 3453 628 3524 exercitati
653 3467 688 3524 et
712 3452 804 3525 boni.
823 3450 893 3522 Sed
910 3463 1072 3524 nostrum
1096 3450 1142 3519 in-

154 3575 322 3647 stituendi
347 3603 453 3674 genus
479 3604 552 3650 esse
585 3579 703 3678 paullo
735 3578 924 3675 eruditius,
958 3591 995 3648 et
1020 3583 1141 3665 θετικῳ-

155 3727 248 3794 τερον,
273 3727 345 3774 non
370 3704 515 3799 ignoras.
542 3706 657 3794 Quare
683 3731 796 3805 neque
821 3701 897 3800 ego'
911 3702 1076 3800 impediri
1092 3699 1138 3772 ci·

155 3828 288 3900 caronis
312 3829 392 3928 iter,
418 3843 521 3930 atque
541 3830 640 3927 ,illam
666 3831 884 3931 disciplinam
903 3828 1002 3927 volo,
1019 3842 1053 3903 et
1070 3824 1134 3925 ipso
