2632 4852
163 303 230 396 148
476 319 660 368 -nrrsronr
686 320 797 369 cxurx.
931 318 960 366 a.
976 321 1010 368 v.
1029 320 1058 367 c.
1077 320 1129 382 ⁶99

157 452 213 523 re,
238 439 353 498 tecum
378 424 494 522 egisse.
526 421 689 497 Profecto
719 420 812 493 enim
838 419 969 521 aliquid
994 421 1154 518 egissem.

157 549 260 624 Nunc
284 548 471 649 reprimam
489 560 687 647 susceptam
703 544 989 645 obiurgationem.
1005 546 1152 619 Vtinam

158 674 273 749 valeat
298 673 342 747 ad
369 672 580 747 celeritatem
605 673 735 745 reditus
761 669 827 746 tui!
851 673 929 769 Ego
954 670 999 743 ad
1019 684 1056 744 te
1072 699 1153 772 pro-

159 814 279 901 pterea
303 801 417 872 minus
442 825 546 899 saepe
572 798 704 896 scribo,
722 796 818 898 quod
842 811 976 870 certum
997 822 1072 871 non
1094 797 1154 870 ha·

158 927 244 1024 beo,
260 925 321 998 ubi
338 926 401 1025 sis,
427 939 487 997 aut
512 923 571 995 ubi
597 924 730 997 firturus
755 924 810 997 sis.
836 923 927 996 Huic
951 936 1072 998 tamen
1095 949 1155 995 ne·

159 1052 233 1125 scio
259 1051 330 1149 cui,
355 1048 452 1150 quod
473 1048 658 1129 videbatur
674 1049 704 1121 is
721 1061 756 1120 te
773 1048 908 1121 visurus
925 1073 1014 1147 esse,
1030 1050 1154 1149 putari

161 1174 294 1250 dandas
326 1201 400 1249 esse
431 1174 556 1252 literas.
590 1175 664 1272 Tu,
696 1174 861 1277 quoniam
894 1173 1024 1251 iturum
1058 1186 1094 1248 te
1118 1175 1154 1247 in

160 1301 277 1373 Asiam
303 1326 377 1373 esse
401 1314 522 1400 putas,
546 1301 592 1373 ad
617 1326 704 1402 quae
729 1313 888 1401 tempora
910 1313 948 1371 -te
972 1314 1153 1398 exspecte-

159 1451 254 1522 mus,
278 1425 382 1498 facias
406 1452 463 1498 me
488 1428 668 1507 certiorem
694 1423 815 1525 velim,
832 1439 867 1499 ct
889 1424 932 1497 de
949 1425 1151 1524 Eutychide

162 1550 248 1659 quid
273 1553 381 1650 egeris
397 1566 420 1640 ].

493 1798 496 1804 .
624 1756 692 1828 CL,
870 1791 925 1850 (rr
940 1792 992 1835 nu.
1012 1789 1070 1847 vu,
1088 1789 1131 1848 η)

162 1924 380 2004 Argiunenttmt.
400 1927 491 1988 Vrbis
512 1928 691 1989 desiderium
712 1930 793 2010 quod
814 1927 1002 2009 deposuerit,
1023 1925 1153 2006 gratule-

201 2042 266 2102 tur,
286 2043 316 2092 et
335 2043 369 2092 ut
390 2032 523 2094 Caesaris
554 2056 625 2117 erga
646 2057 676 2096 se
697 2036 857 2094 amicitiam
879 2031 1059 2102 confirmet,
1088 2050 1150 2091 mo·

200 2148 265 2208 net,
286 2159 377 2219 quam
398 2138 580 2200 fluctuosum
602 2142 665 2203 fore
685 2141 851 2228 pollicetur.

305 2318 358 2370 Ser.
377 2318 471 2375 Romae
489 2320 519 2371 A.
537 2319 570 2372 V.
587 2321 616 2373 (L
635 2319 778 2385 DCXOEX,
797 2335 881 2371 meuse
900 2317 1009 2374 Octobr·

416 2489 558 2556 CICERO
584 2489 780 2553 TREBATIO
806 2489 835 2552 S.
859 2488 896 2550 D.

211 2676 265 2744 Ex
290 2675 357 2746 tuis
382 2675 489 2748 literis
516 2692 551 2749 et
576 2678 710 2773 Quinto
735 2677 832 2748 fratri
857 2677 982 2773 gratias
1008 2677 1063 2774 egi
1078 2692 1101 2774 ¹,
1119 2688 1150 2746 ct

161 2811 196 2869 te
222 2796 408 2899 aliquando
434 2801 630 2876 collaudare
654 2827 818 2901 possum,
844 2801 1035 2902 quodiam
1061 2799 1151 2875 vidc-

161 2924 208 2994 ris
245 2938 338 2997 certa
370 2927 483 3029 aliqua
515 2931 553 3001 in
584 2929 754 3002 sententia
791 2928 987 3000 constitisse
1007 2943 1031 2997 ².
1063 2927 1150 3000 Nam

160 3048 352 3146 primorum
376 3055 548 3125 mensium
571 3054 678 3128 literis
703 3055 799 3126 tuis³
820 3052 1045 3126 vehementer
1062 3077 1151 3125 com·

160 3174 348 3274 movebar,
379 3177 475 3278 quod
506 3180 592 3252 mihi
624 3177 799 3258 interdum
831 3187 946 3282 (pace
972 3191 1034 3255 tua
1061 3178 1150 3250 dixe-

159 3298 252 3389 rim)
278 3298 363 3375 levis
388 3304 425 3374 in
450 3304 545 3379 urbis
580 3305 854 3407 urbanitatisque
887 3303 1062 3379 desiderio
1069 3359 1080 3403 ‚
1102 3304 1151 3375 iu·

159 3423 296 3503 turdum
320 3429 435 3529 piger,
450 3431 626 3512 interdum
650 3432 792 3510 timidus
808 3432 845 3503 iu
862 3429 982 3508 labore
999 3429 1150 3526 militari,

83 3594 86 3598 -
158 3575 262 3648 saepe
288 3566 403 3626 eutem
429 3558 550 3656 etiam,
567 3558 663 3658 quod
687 3584 708 3630 a
734 3572 768 3630 te
795 3555 1045 3628 alienissimum
1064 3567 1117 3628 est
1127 3551 1150 3648 4,

157 3674 407 3777 subimpudens
441 3682 612 3755 videbare.
648 3685 842 3787 Tamquam
878 3683 971 3754 enim
1007 3705 1148 3780 syngra-

155 3799 264 3904 pham
289 3804 334 3880 ad
360 3806 619 3911 imperatorem,
644 3836 717 3883 non
742 3808 927 3915 epistolam
953 3806 1142 3897 attulisses,
