2632 4852
253 353 322 399 222
604 346 774 397 nrrsrona
800 349 896 396 ccxx.
1030 347 1061 395 a.
1080 353 1115 398 v.
1133 353 1161 399 c.
1181 367 1226 414 700

250 475 357 524 meus.
394 450 465 524 Sed
496 474 650 552 quonam
682 448 789 522 modo
822 450 877 522 ius
909 449 1010 524 civite
1040 449 1208 527 defendes
1225 474 1252 552 a,

252 599 360 679 quum
383 576 501 649 omnia
526 589 586 648 tua
613 601 717 648 causa
741 574 885 674 factast
909 601 983 649 non
1008 577 1165 652 civium?
1180 578 1251 652 Vbi

250 727 357 802 porro
381 701 441 774 illa
465 702 532 775 erit
555 700 704 776 formula
729 699 894 801 fiduciae,
919 704 1013 775 inter
1031 701 1147 791 botros
1168 703 1252 780 bene

249 827 402 926 agier?9
427 827 516 921 Quis
542 829 636 900 enim
661 840 715 900 est
741 825 858 900 bonus
876 843 917 928 ¹⁰,
948 827 1010 930 qui
1034 827 1119 910 facit
1144 819 1252 931 nihil,

249 954 317 1026 nisi
342 979 403 1026 sua
429 953 560 1028 causa?
584 953 693 1048 Quod
717 955 772 1050 ius
796 967 927 1053 statues
952 979 1123 1030 canavas
1156 982 1251 1030 nrvr·

251 1105 372 1153 nvnno
392 1097 433 1180 ¹¹,
457 1107 565 1182 quum
591 1102 781 1154 commune
803 1079 892 1154 nihil
914 1081 1027 1180 possit
1054 1107 1131 1155 esse
1158 1081 1254 1182 apud

251 1230 329 1304 eos,
352 1207 412 1306 qni
444 1207 561 1278 omnia
594 1205 777 1306 voluptate
809 1217 872 1282 sua
903 1205 1121 1280 metiuntur}
1154 1208 1253 1300 Quo-

250 1329 358 1403 modo
383 1345 500 1423 autem
524 1331 589 1404 tibi
613 1331 784 1435 placebit,
815 1334 933 1406 lom
959 1333 1120 1406 urrann
1141 1348 1173 1385 ¹²
1199 1335 1250 1406 iu·

249 1478 343 1555 rare,
360 1482 467 1559 quum
484 1459 586 1557 scias,
601 1460 725 1532 Iovem
741 1459 869 1532 iratum
886 1480 960 1532 esse
976 1459 1109 1531 nemini
1127 1460 1253 1560 posse?

250 1574 347 1675 Quid
363 1609 470 1684 porro
487 1585 548 1656 fiet
564 1581 699 1686 populo
711 1581 895 1658 Vlubrano
909 1585 950 1686 ¹³7
966 1583 996 1657 si
1012 1596 1051 1656 tu
1072 1585 1250 1685 statueris,

251 1712 463 1780 πολιτεύεσθαι
491 1709 520 1775 ¹4
551 1736 625 1785 non
658 1709 848 1814 oportere?
873 1692 990 1807 Quare
1023 1710 1053 1784 si
1089 1709 1199 1813 plane
1231 1737 1249 1782 a

250 1833 353 1908 nobis
372 1837 402 1889 ¹⁵
429 1835 548 1909 deficis
555 1893 566 1936 ,
599 1836 744 1911 moleste
770 1836 860 1936 fer03
893 1838 947 1908 sin
971 1837 1109 1910 Pansae
1137 1862 1249 1911 assen-

251 1962 318 2034 tari
344 1962 570 2035 commodum
595 1976 666 2061 est,
691 1964 845 2060 ignosco.
872 1960 982 2035 Modo
1006 1960 1122 2036 scribe
1138 1966 1170 2014 ¹⁶
1194 1954 1248 2036 'att

252 2087 394 2188 quando
420 2086 466 2160 ad
491 2113 571 2189 nos,
596 2088 681 2190 quid
707 2113 808 2188 agas,
831 2102 867 2160 et
892 2114 912 2160 a
936 2087 1058 2188 nobis,
1075 2088 1163 2190 quid
1179 2089 1247 2162 fieri

252 2227 313 2285 aut
338 2215 449 2287 curari
475 2213 570 2288 velis.

674 2466 835 2540 CLXXI.
974 2507 1028 2567 (aa
1043 2507 1097 2553 niv.
1114 2507 1170 2568 vu,
1186 2507 1228 2561 ιε)

151 2672 155 2684 ·
251 2629 470 2720 Argentoratum.
493 2645 655 2704 intermissi
676 2644 831 2703 literarum
852 2641 944 2703 officii
966 2645 1188 2703 excusationem
1203 2642 1248 2701 ad·

291 2748 364 2819 fert,
385 2771 476 2830 quam
497 2771 558 2810 non
579 2752 742 2833 accipiente
763 2749 925 2821 Trebatio,
941 2748 1066 2809 liberius
1088 2771 1147 2831 pro
1169 2769 1247 2809 more

292 2857 416 2915 iocatur.

426 3062 480 3114 Scr.
499 3062 594 3115 Romae
612 3061 643 3114 Α.
660 3061 694 3115 V.
711 3063 740 3115 C.
760 3062 843 3129 DCC,
861 3061 900 3113 lv
917 3060 986 3113 Non.
1004 3061 1084 3112 Mart.

449 3252 492 3314 M.
510 3252 546 3315 T.
564 3250 707 3316 CICERO
726 3246 944 3317 ΤΒΕΒΑΤΙΟι
964 3249 994 3313 S.
1010 3248 1050 3312 D.

300 3463 445 3537 Adeone
471 3491 527 3537 me
552 3465 750 3539 iniustum²
776 3492 851 3539 esse
875 3464 1101 3562 existimasti,
1127 3478 1169 3536 ut
1192 3461 1249 3535 tibi

145 3637 147 3640 ⁴
251 3590 432 3690 irascerer,
458 3591 554 3694 quod
579 3619 704 3692 parum
730 3583 814 3665 mihi
840 3603 1021 3689 constans,
1046 3603 1084 3663 et
1109 3591 1249 3662 nimium

252 3716 399 3815 cupidus
427 3717 621 3791 decedendi
647 3719 820 3819 viderere,
856 3717 902 3791 ob
937 3742 1088 3818 eamque
1115 3739 1248 3790 causam

251 3865 307 3913 me
333 3842 535 3919 arbitrarere
559 3845 675 3919 literas
701 3846 747 3920 ad
772 3843 963 3949 teiamdm
989 3870 1066 3919 non
1094 3837 1243 3918 misisset
