2632 4852
438 351 475 394 IN
501 348 695 400 nrlsroats

62 452 80 513 5
99 451 169 512 Scil.
248 450 335 521 LVI,
361 470 428 508 1-
447 449 474 510 5.

59 558 80 619 6
98 559 144 619 Ex
164 559 214 617 Bri
248 561 334 633 nnia3
354 577 401 639 ep.
423 555 552 629 CXLII,
574 556 610 632 ὃς
631 567 661 617 et
682 557 819 631 CXLIV,
839 561 868 637 4.

61 689 78 747 7
99 664 204 727 Lamb.
225 662 318 739 ἱςιωὶς
340 662 449 725 nmbb.
469 675 498 723 ct
519 683 599 725 mara
620 665 681 725 inm
700 665 783 726 istun

59 773 79 834 8
99 772 169 836 vid.
190 771 230 832 ad
249 792 319 854 epp.
340 770 483 843 CXLIX,
501 771 531 847 4.

59 901 79 963 9
101 878 145 940 td
166 899 235 961 epp.
257 877 368 949 CXLI,
389 888 480 951 extr.;
501 876 645 950 CXLVI,
666 899 702 959 73
723 890 754 940 et
774 878 902 953 CLVII,
924 902 951 942 a.

62 1006 98 1046 ro
118 984 369 1054 Candidatorum,
390 1004 523 1065 quorum
544 983 623 1045 salus
637 984 704 1045 ideo
719 985 807 1047 saluti
824 986 969 1049 Messalae
986 1009 1062 1049 con·

96 1093 200 1152 iuncta
219 1090 346 1162 dicitur,
374 1090 458 1172 quod
483 1110 588 1151 omnes
618 1090 725 1152 eodem
751 1095 875 1154 nomine
896 1096 939 1156 rei
960 1106 1063 1167 erant,

96 1207 127 1259 et
147 1218 165 1257 a
185 1217 276 1258 causa
295 1198 384 1258 unius
404 1217 495 1257 causa
513 1199 605 1258 etiam
619 1197 753 1259 aliorum
773 1199 905 1281 pendere
922 1199 1061 1263 debebat.

60 1324 92 1364 11
119 1302 202 1364 Idem
223 1305 255 1363 in
277 1323 325 1385 ep.
347 1302 492 1377 CXLIX,
509 1302 540 1366 6.

62 1430 98 1470 ra
120 1410 229 1471 Fratre
251 1410 379 1471 uterino.
397 1409 514 1472 Ernest.
526 1409 599 1473 Mox
611 1409 719 1474 Lamb.
733 1410 815 1475 Oliv.
829 1411 956 1476 Lallem.
975 1414 1063 1477 Sulla

88 1517 167 1599 filio.

61 1623 98 1687 13
123 1625 173 1684 Dc
194 1623 322 1687 Gabinio
341 1625 460 1688 ridetur
479 1645 544 1689 esse
569 1624 726 1709 glossema.
751 1625 871 1688 Revera
895 1626 1062 1689 Lambinus

97 1733 207 1794 omisit.

58 1839 95 1916 14
117 1838 228 1900 Recole
250 1849 313 1900 not.
342 1837 416 1901 Tres
434 1838 535 1901 adbuc
543 1839 709 1922 factionem
728 1840 768 1901 ad
787 1861 834 1924 ep.
855 1839 999 1914 CXLVI,
1019 1861 1046 1921 7.

58 1944 96 2006 15
116 1943 206 2007 amb.
231 1965 269 2026 ¹7
292 1946 432 2008 muna.
453 1946 526 2008 Mox
549 1945 677 2020 sebna,
695 1966 732 2008 ex
751 1947 924 2008 coniectura
943 1945 1061 2028 pigui,

84 2046 285 2136 frigidissimis
305 2053 420 2126 irritum·
439 2053 492 2114 sed
510 2052 666 2114 antithesis
687 2052 783 2134 friget.

58 2157 97 2221 16
117 2159 279 2221 Consessus
297 2160 433 2221 iudicum
453 2162 485 2220 in
505 2162 604 2221 varias
624 2157 806 2221 distrahitur
827 2159 995 2219 sententias.

57 2288 94 2348 ¹⁷
115 2267 211 2328 Enixa
231 2277 299 2328 orat
319 2266 432 2328 iudices
452 2287 512 2349 pro
532 2266 680 2341 Gabini03
701 2264 740 2326 ad
760 2287 807 2348 ep.
829 2285 910 2348 sup„
934 2286 958 2325 1.

60 2373 98 2436 18
119 2375 202 2453 Quia
220 2373 325 2434 exsilio
346 2371 535 2435 multabitur.

58 2501 97 2563 ¹9
118 2477 226 2542 Lamb.
249 2502 362 2542 sumnro
382 2479 479 2542 studio
499 2482 651 2542 insituitur.

505 2720 612 2780 CLIII.

57 2930 68 2968 1
94 2907 143 2969 De
163 2909 335 2982 maiestate3
355 2927 403 2989 ep.
423 2907 565 2980 CXLIX,
585 2905 614 2968 6.

53 3034 72 3073 a
95 3013 208 3074 Sensus
228 3024 286 3075 est:
309 3013 360 3075 sed
381 3024 499 3087 tamen,
518 3016 575 3074 nisi
596 3034 655 3097 pro
676 3011 808 3076 Gabinio
830 3014 1062 3074 intercessissent

95 3123 161 3181 sive
181 3141 287 3204 preces
313 3121 472 3204 Pompeii,
499 3124 562 3183 sive
590 3121 756 3182 dictaturae
782 3123 847 3182 eius
875 3140 1001 3192 rumor,
1026 3138 1061 3179 ex

93 3247 159 3309 qua
178 3231 308 3290 maalme
328 3227 476 3290 timebant
496 3228 629 3302 iudices,
654 3228 803 3289 Gabinius
831 3247 869 3287 ne
894 3226 1062 3286 accusatori

93 3335 220 3417 quidem
242 3336 372 3397 Lentulo
393 3336 602 3419 respondisset.
625 3337 701 3398 Nam
715 3335 786 3396 licet
798 3338 916 3416 ineptus
935 3332 986 3393 bic
998 3331 1062 3391 fue-

92 3447 151 3514 rit,
171 3452 203 3503 et
223 3463 378 3504 consessus
400 3444 536 3505 iudicum
562 3445 690 3522 venalis3
714 3455 814 3505 tamen
843 3463 878 3503 ex
904 3463 983 3512 111,
1009 3441 1062 3521 qui
1087 3493 1090 3498 .

93 3551 274 3610 sententiam
299 3551 449 3623 tulerunt,
470 3546 557 3612 mir
581 3551 829 3614 condemnarunt.
851 3548 981 3610 Consule
999 3546 1063 3607 lau-

94 3654 203 3716 datum
223 3658 367 3739 epistolae
388 3659 498 3719 locum.

57 3762 75 3822 3
96 3761 246 3838 Duobus;
268 3764 327 3826 vid.
348 3765 421 3839 ibid.

52 3869 163 3946 illan
184 3871 227 3940 is,
248 3872 299 3951 qui
315 3883 426 3954 postea
442 3875 588 3935 Vticensis
609 3874 707 3936 dictus
727 3873 792 3935 luit.
813 3871 889 3933 Erat
903 3871 982 3931 enim
1004 3865 1064 3928 hoc
