2632 4852
169 311 217 384 30
504 329 673 381 srrsrots
696 331 832 387 cxxxvi.
945 325 1022 379 bv.
1037 329 1065 379 o
1081 328 1139 392 ooo

166 433 235 506 beo
258 433 296 508 in
319 431 448 507 Balbo:
479 431 526 505 ad
564 457 668 534 quem
700 431 745 505 de
777 444 813 505 te
838 428 1102 530 diligentissime
1126 445 1163 506 et

166 560 366 661 saepissime
398 558 513 633 scribo
533 574 559 632 ¹.
589 557 682 632 Illud
713 556 810 632 soloo
840 556 976 655 mirari,
999 581 1076 633 non
1106 582 1162 630 me

165 688 270 761 toties
294 686 453 786 accipere
477 695 556 758 tuas
580 682 715 783 literas,
730 683 867 786 quoties
884 708 904 755 a
922 682 1058 776 Quinto
1073 682 1162 756 mibi

163 811 268 885 fratre
293 811 481 885 afferantur
496 824 521 882 ².
553 811 597 883 ln
627 809 809 885 Britannia
840 806 930 881 nihil
954 833 1031 881 esse
1055 806 1162 885 ¹uudio

163 963 277 1045 neque
302 937 392 1036 auri,
422 961 538 1039 neque
575 936 709 1035 argenti
725 937 750 1006 ³.
778 933 823 1008 Id
847 935 877 1008 si
901 934 951 1008 ita
975 947 1046 1034 est,
1071 959 1161 1008 esse·

163 1062 248 1135 dum
273 1061 417 1164 aliquod
447 1061 580 1135 suadeo
616 1060 735 1162 capias
751 1058 787 1160 i,
817 1074 854 1134 et
885 1058 932 1136 ad
963 1085 1030 1133 nos
1056 1085 1166 1161 quam¹

162 1190 315 1288 primum
339 1213 504 1263 recurras.
529 1187 592 1261 Sin
611 1201 729 1266 autem
745 1187 820 1260 sine
835 1185 1017 1262 Britannia
1041 1198 1160 1259 tamen

162 1313 315 1414 assequi,
347 1312 445 1414 quod
476 1312 636 1388 volumus
655 1315 682 1413 ⁵,
706 1337 909 1413 possumus,
939 1311 1094 1412 perfice,
1122 1323 1161 1384 ut

161 1440 207 1512 sis
230 1441 269 1511 in
292 1438 515 1515 familiaribus
540 1440 707 1514 Caesaris.
732 1438 885 1512 Multum
908 1451 945 1510 te
969 1437 1007 1509 in
1031 1461 1078 1510 eo
1094 1435 1157 1510 fra·

160 1579 214 1637 ter
239 1563 419 1641 adiuvabit
453 1583 568 1664 meus,
598 1544 748 1638 multum
771 1563 928 1662 Balbus,
959 1560 1040 1661 sed,
1073 1561 1158 1637 mihi

161 1690 283 1789 crede,
306 1705 386 1763 tuus
410 1690 527 1791 pudor
550 1703 587 1763 et
609 1688 712 1764 labor
735 1689 934 1791 plurimum.
962 1689 1155 1788 Imperato-

159 1818 267 1889 rem6
290 1814 587 1920 liberalissimum,
623 1811 776 1892 aetatem
801 1814 1156 1916 opportunissimam,

130 2029 137 2032 V
161 1941 503 2021 commendationem
528 1957 623 2016 certe
646 1941 856 2042 singularem
880 1939 1006 2038 habes,
1029 1953 1072 2017 ut
1096 1939 1156 2014 tibi

103 2107 125 2124 =-
159 2093 269 2145 unum
294 2057 489 2146 timendum
506 2069 569 2168 ait,
584 2094 630 2141 ne
646 2069 723 2169 ipse
743 2067 809 2145 tibi
833 2065 982 2141 debuisse
1007 2065 1154 2146 videare.

539 2321 764 2394 cxxxvn.
886 2358 944 2418 (a
958 2296 1010 2413 a,
1026 2359 1073 2417 w,
1091 2287 1172 2416 ar

159 2496 379 2578 Argumentum.
399 2498 532 2559 Atticum
553 2497 653 2558 Roma
672 2497 826 2559 absentem
850 2507 954 2579 rogat,
972 2505 1009 2557 ut
1029 2495 1070 2556 ad
1086 2513 1152 2556 suos

200 2603 329 2677 scribat,
359 2615 394 2666 ut
423 2603 493 2665 libri
526 2607 571 2666 sui
598 2604 736 2673 Ciceroni
761 2614 903 2689 pateant3
928 2613 959 2664 et
982 2612 1019 2662 ut
1039 2603 1064 2663 si
1085 2598 1152 2683 quid

198 2712 269 2769 novi
300 2709 392 2773 habet
422 2709 552 2782 scribat,
582 2711 712 2797 denique
742 2721 778 2771 ut
807 2712 913 2776 itinere
943 2729 978 2779 ex
1010 2709 1150 2774 sententia

199 2816 335 2879 confecto
354 2838 385 2878 se
406 2819 651 2902 quamprimum
672 2819 791 2879 revisat.

286 3023 339 3076 Sor.
358 3025 385 3075 in
403 2981 516 3081 Cumano
535 3027 565 3083 A.
583 3025 616 3078 V.
635 3025 664 3080 C.
684 3019 827 3088 DCXCIX,
847 2998 933 3074 mense
950 3019 1030 3074 Maio.

468 3248 612 3313 CICERO
637 3247 787 3312 ATTICO
812 3246 841 3311 S.

205 3454 419 3528 Vestorius¹
446 3466 567 3526 noster
597 3479 654 3527 me
685 3434 749 3552 per
776 3451 894 3524 literas
912 3447 1000 3521 >lecit
1026 3448 1146 3521 certio·

155 3606 245 3677 rem,
271 3594 305 3651 te
330 3581 441 3653 Roma
466 3606 495 3651 a.
522 3580 553 3650 d.
579 3579 633 3652 VI
657 3579 708 3652 Id.
741 3578 852 3652 Maias
885 3588 1010 3676 putare
1035 3571 1146 3673 prose·

156 3716 252 3775 ctum
277 3732 351 3778 esse
368 3723 393 3802 ²,
418 3706 550 3778 tardius
584 3733 689 3807 quam
726 3705 876 3801 dixerat,
913 3699 1012 3802 quod
1036 3700 1168 3794 minusj

156 3827 329 3904 valuisses.
356 3832 392 3904 Si
417 3833 486 3904 iam
509 3830 632 3906 'melius
663 3831 790 3928 valea„
806 3828 1033 3905 vehementer
1067 3849 1146 3923 gau·
