2632 4852
264 328 336 423 346
456 321 463 329 ’
631 347 901 399 auroramouns

298 464 455 535 tamquam
475 451 577 512 debita
596 449 765 534 petebatur.
792 451 859 511 Non
885 451 964 510 euim
994 449 1075 511 unde
1091 453 1219 533 petitur,
1239 465 1268 514 ct

297 559 411 622 debitor
429 559 509 621 idem
529 568 607 619 sunt.
628 559 703 618 Nam
726 560 797 639 quia
816 558 865 620 vel
890 556 1048 618 interdum
1074 580 1140 619 non
1166 559 1265 621 debita

297 669 427 750 pecunia
446 665 621 749 petebatur,
641 664 689 726 vel
708 663 869 746 petebatur
883 675 974 738 ante,
996 686 1089 747 quam
1105 677 1184 726 esset
1197 688 1266 727 coe·

296 785 350 858 pta
370 772 490 846 deberi,
509 784 671 857 propterea
690 771 812 832 debitor
831 772 890 832 dici
910 793 974 833 non
996 793 1119 855 semper
1146 783 1265 856 poterat

298 884 337 955 is,
351 880 431 941 unde
443 878 611 963 petebatur.
625 882 741 942 Manat.
755 879 832 939 Erat
844 882 970 963 propria
989 879 1135 941 ICtorum
1149 880 1264 954 forma,

297 987 401 1069 itiaque
428 984 638 1070 appellabatur
664 985 704 1046 ad
728 984 930 1047 differentiam
951 985 1091 1060 alterius,
1112 990 1167 1071 qui
1192 991 1264 1071 peti·

229 1129 231 1133 <
299 1107 358 1166 tor,
378 1096 442 1155 sive
460 1104 546 1154 actor
564 1091 730 1153 dicebatur.
750 1092 831 1155 Vide
851 1093 985 1162 Gronov.
1009 1093 1131 1154 Observ.
1152 1095 1264 1167 1V,11.

257 1200 354 1262 5Est
379 1210 410 1262 et
434 1199 494 1261 hoc
520 1200 665 1282 loquendi
695 1221 789 1281 genus
816 1221 852 1262 ex
878 1200 1021 1262 lCtorum
1047 1201 1162 1263 schola.
1189 1202 1263 1263 Pro-

181 1357 190 1380 ,
297 1311 362 1391 prie
383 1310 464 1369 enim
484 1308 564 1368 unde
584 1311 698 1391 petitur
718 1309 870 1388 postulare
894 1307 1118 1369 &vocatorem
1143 1309 1263 1370 diceba·

296 1425 362 1486 tur,
384 1436 495 1496 quum,
515 1426 677 1497 postquam
690 1417 804 1498 petitor
817 1417 966 1477 actionem
980 1415 1138 1488 edidisset,
1150 1427 1263 1500 peteret

296 1543 316 1581 a
328 1521 474 1583 Praetore
494 1532 614 1605 tempus
635 1520 823 1584 deliberandi
843 1522 955 1584 velitne
975 1533 1055 1584 stare
1076 1523 1209 1596 iudicio,
1228 1545 1263 1584 an

296 1628 410 1702 facere,
424 1629 507 1712 quod
527 1631 641 1713 petitor
660 1630 843 1713 postulabat.
864 1630 932 1691 Hoc
951 1642 1072 1714 tempus
1093 1630 1166 1692 ideo
1185 1631 1260 1691 dice-

295 1733 388 1795 batur
412 1734 586 1806 advocatio,
611 1738 684 1818 quia
710 1747 776 1796 tum
809 1730 921 1797 amicos
952 1757 1022 1797 suos
1052 1737 1260 1807 convocabat,

296 1862 366 1900 cum
388 1841 499 1924 quibus
519 1841 706 1904 deliberabat
726 1845 766 1915 is,
786 1843 867 1904 unde
886 1843 1063 1926 petebatur,
1084 1866 1163 1904 num
1177 1845 1261 1905 vellet

293 1967 416 2008 causam
434 1951 570 2032 excipere
591 1971 626 2010 ac
646 1952 712 2011 iure
732 1951 877 2033 experiri,
896 1972 999 2011 necne.
1021 1950 1062 2010 Hi
1084 1951 1260 2012 dicebantur

294 2054 432 2115 advocati
454 2058 595 2138 proprie,
616 2067 646 2116 et
669 2067 789 2139 tempus
809 2056 971 2117 advocatio.
993 2055 1099 2116 Senec.
1121 2057 1259 2118 Prooem.

290 2159 345 2227 lib.
366 2162 420 2223 lv.
443 2162 593 2224 Controv:
620 2162 718 2224 Tanta
737 2165 784 2224 itti
797 2165 979 2246 perturbatio
990 2162 1071 2246 suit,
1085 2177 1118 2225 ut
1132 2164 1258 2226 advoca·

291 2269 405 2329 tionem
426 2281 547 2351 peteret.
569 2270 648 2330 Hinc
664 2270 820 2332 aduocatio
838 2293 896 2355 pro
915 2274 1022 2354 quavis
1040 2292 1133 2334 mora
1155 2273 1259 2354 (vulgo

288 2379 444 2458 proroga).
460 2375 528 2437 Seu.
543 2377 663 2438 Consol.
685 2377 724 2438 ad
744 2379 838 2439 Marc.
864 2400 912 2455 ¹03
933 2390 964 2440 et
975 2378 1057 2439 Pliu.
1078 2382 1167 2464 epist.
1182 2379 1220 2451 V,
1231 2378 1258 2439 8.

294 2481 401 2542 Graes.

249 2586 270 2647 6
290 2588 464 2650 Pronomen
487 2592 538 2652 titi
556 2613 574 2651 a
594 2591 715 2653 duobus
735 2596 860 2666 nostris,
881 2593 942 2654 Zel.
957 2593 980 2652 Β
996 2604 1026 2654 et
1047 2594 1180 2654 aliorum
1195 2592 1256 2676 plu-

288 2697 373 2755 rimis
394 2696 488 2760 abest.

249 2822 267 2880 7
289 2801 409 2862 Scilicet
429 2804 563 2877 tandem
584 2817 653 2889 post
674 2818 739 2867 tuas
760 2807 857 2868 fatuas
885 2830 920 2868 ac
941 2807 1113 2869 rabiosulas
1142 2809 1254 2880 literas3

289 2929 337 2991 ep.
359 2910 513 2974 CXLVII.
535 2915 636 2975 Minus
657 2926 737 2975 recte
757 2918 852 2976 nostri
873 2915 893 2975 6
914 2927 944 2977 ct
963 2914 999 2976 15
1021 2915 1170 2978 abiurant
1189 2918 1254 2986 iam3

286 3037 366 3077 unus
388 3039 405 3077 2
427 3020 487 3079 iam
508 3034 542 3081 te.

247 3121 268 3184 8
288 3125 382 3212 Ludit
402 3127 433 3186 in
453 3129 600 3208 sr‘gnorum
619 3130 837 3211 significatione
864 3131 987 3216 duplici.
1019 3134 1100 3192 Nam
1122 3136 1207 3213 signa
1226 3141 1252 3191 et

284 3232 394 3293 indicia
413 3248 497 3308 sunt,
517 3249 547 3298 et
574 3250 697 3299 statuae.
719 3240 899 3301 Trebatium
924 3255 1027 3303 autem
1056 3247 1151 3304 iocari
1184 3243 1251 3301 dicit

286 3360 350 3400 esse
363 3344 482 3422 signum
499 3342 631 3416 bonum,
653 3348 747 3408 immo
767 3349 888 3422 melius,
914 3372 1005 3431 quam
1029 3355 1117 3431 signa
1138 3352 1251 3416 omnia,

208 3421 218 3445 ⁰
286 3467 364 3526 quae
384 3449 415 3507 in
437 3451 610 3513 Tusculano
624 3451 770 3528 babebat,
792 3459 863 3537 quia
883 3478 989 3517 eorum
1011 3461 1109 3518 emtio
1124 3458 1248 3519 assalie-

283 3572 359 3615 num
374 3555 416 3616 illi
438 3558 620 3622 conflaverat
635 3562 696 3645 (ep.
712 3562 859 3633 CXXIV,
878 3567 918 3643 ι).
933 3567 1022 3625 locus
1037 3577 1142 3627 tamen
1157 3564 1248 3645 friget.

244 3681 266 3740 9
286 3661 393 3723 Lamb.
413 3686 504 3746 quam
523 3689 600 3750 quoe
621 3670 650 3728 in
670 3691 742 3731 meo.

249 3783 285 3824 ιο
305 3768 411 3830 Noster
431 3771 452 3830 6
471 3774 545 3856 quid
562 3778 599 3836 sit
619 3778 665 3838 ibi.

248 3889 279 3929 11
304 3874 396 3936 Ludit
417 3881 445 3938 in
468 3881 612 3964 ambiguo
633 3886 761 3957 consuli3
781 3888 914 3967 primum
932 3887 1085 3968 significat
1097 3887 1243 3947 consulite
