2632 4852
169 320 241 414 254
499 339 670 390 eers'ront
695 343 814 391 ccxxx.
938 341 970 389 A.
988 343 1022 389 v.
1042 343 1070 390 c.
1090 357 1138 404 ⁷01
1177 335 1180 344 '

166 448 204 519 in
229 470 299 547 quo
324 443 408 516 mihi
433 443 665 543 gratissimum
689 443 801 517 facere
821 444 954 543 possis,
969 443 999 515 si
1016 445 1162 544 curaris,

166 583 206 644 nt
229 569 402 669 Avienus,
426 567 568 670 qnando
593 593 630 641 se
656 594 677 641 a
701 593 757 642 me
783 568 891 641 amari
915 581 1038 670 putat,
1062 595 1161 644 mee

166 709 202 768 te
226 695 334 769 amari
358 695 454 787 sciet.
478 697 564 770 Erit
581 693 619 768 id
643 693 731 768 mihi
755 692 965 796 pergritum.
990 686 1092 771 Vale.

513 1043 516 1047 ι
560 927 765 1024 ⁴CLXXXL
908 986 1136 1049 (troievnfl)

162 1124 382 1204 Argwnentum.
406 1144 417 1184 1
434 1123 605 1207 Emptionis
624 1126 797 1206 negotium,
811 1122 867 1183 sibi
885 1121 1081 1196 mandatum,
1093 1137 1157 1207 post

201 1233 284 1290 iocos
305 1232 398 1317 (num
418 1232 531 1313 etipse
551 1232 630 1291 inter
649 1229 774 1291 heredes
794 1228 949 1290 bonorum
969 1239 1055 1304 erat,
1085 1251 1157 1312 quae

202 1338 261 1395 emi
289 1335 410 1397 volebat
440 1337 596 1418 Marius),
620 1336 779 1419 diligenter
808 1357 839 1397 sc
852 1390 856 1396 .
870 1345 1049 1396 curatio-um
1080 1335 1156 1397 dicit.

203 1461 220 1500 2
240 1441 357 1503 Deinde
383 1443 544 1533 respondet
570 1443 764 1526 gratulationi
785 1441 823 1503 de
845 1441 958 1501 Planco
976 1441 1093 1513 Bursa,
1108 1444 1153 1523 qui

200 1546 345 1609 Cicerone
364 1561 538 1622 accusante,
559 1549 718 1611 damnatus
735 1549 847 1620 fumet,
862 1567 924 1629 quo
937 1545 1053 1608 iddicio
1067 1569 1154 1629 quen·

199 1663 269 1714 tum-
286 1654 432 1727 laetetur,
463 1655 632 1737 significat,
658 1667 689 1716 et
718 1656 859 1716 Marium*
881 1668 1008 1738 quoque
1031 1655 1154 1738 gaudere

200 1759 292 1822 iubet.
311 1761 450 1843 Denique
469 1772 505 1822 ut
524 1783 615 1845 quam
636 1764 771 1845 primum
787 1762 920 1823 Marium
934 1763 1040 1825 videre
1054 1764 1152 1846 possit,

201 1876 294 1947 optat.

192 2037 202 2051 ἰ
249 2070 303 2125 Sor.
320 2070 416 2126 Romae
433 2072 463 2127 d.
481 2071 515 2127 V.
533 2073 561 2128 C.
578 2070 676 2141 Deci,
694 2088 781 2126 mense
798 2071 935 2127 Decembr.
953 2051 1076 2127 exeunte

354 2271 398 2334 n.
422 2272 459 2336 r.
483 2270 627 2336 cumo
650 2231 697 2335 n.
716 2249 846 2336 ululo
869 2272 902 2336 s.
925 2270 965 2336 n.

214 2477 227 2522 r
257 2448 463 2524 Mandatum
486 2463 588 2523 tuum
613 2449 743 2524 curabo
769 2449 963 2549 diligenter.
1000 2451 1072 2526 Sed
1094 2451 1150 2525 ho·

158 2590 244 2648 mo¹
265 2589 387 2649 ocutus
405 2577 438 2649 ei
461 2576 635 2650 mandasti
658 2577 902 2678 potissimum,
928 2580 986 2651 cui
1017 2579 1150 2680 expedi-

136 2714 233 2801 ret,
270 2701 359 2776 illud
390 2705 509 2779 venire
542 2731 647 2806 qnam
678 2704 839 2804 plurimo.
873 2704 945 2778 Sed
971 2731 1016 2779 eo
1039 2703 1150 2779 vidisti

156 2825 321 2929 multum²
346 2828 452 2930 quod¹
465 2831 657 2931 praefinisti
666 2848 691 2930 ²,
708 2856 841 2932 quone
858 2829 971 2929 pluris
998 2857 1149 2905 emerem.

157 2953 265 3044 Quod
289 2955 320 3028 si
344 2955 431 3029 mihi
455 2957 692 3056 permisisses,
725 2957 785 3058 qni
810 2982 911 3030 meus
934 2983 1038 3032 amor
1061 2959 1098 3030 in
1123 2970 1149 3028 te

157 3093 226 3177 est⁷
252 3081 506 3155 confecissem³
534 3109 615 3156 cum
639 3081 877 3160 coheredibus.
901 3082 1026 3182 Nunc,
1048 3108 1148 3186 quan-

157 3203 238 3278 dot
269 3220 370 3279 tuum
405 3210 559 3309 pretium
595 3211 702 3308 novi,
738 3209 974 3285 illicitatorem
990 3213 1015 3262 δ’
1040 3212 1149 3312 potius

157 3335 356 3431 apponam,
392 3359 497 3435 quam
529 3335 622 3409 'illud
658 3337 802 3410 minoris
839 3323 977 3439 veneat.
1012 3336 1085 3410 Sed
1103 3334 1147 3407 de

155 3455 342 3554 iocosatis
356 3462 381 3530 ⁶.
408 3461 525 3538 Tuum
549 3464 727 3561 negotium
754 3488 872 3561 agam,
897 3463 1003 3536 sicuti
1031 3460 1145 3555 debeo,

156 3578 346 3680 diligenter.

205 3735 226 3782 2
251 3711 305 3787 De
328 3712 467 3785 Bursa⁷
494 3726 528 3786 te
554 3714 702 3812 gaudere
728 3728 824 3798 certo
850 3691 941 3787 scio:
960 3712 1026 3786 sed
1051 3709 1141 3786 nimis

151 3835 350 3909 verecunde
374 3837 459 3914 milri
483 3840 670 3938 gratularis.
695 3843 802 3916 Putas
825 3836 1142 3938 enim7utsc1ibis,
