2632 4852
529 346 565 392 ιιι
592 343 782 394 ariarates
1082 350 1148 423 ²9¹

160 467 196 508 ιο
215 447 262 506 De
284 464 345 526 quo
366 447 427 507 inm
448 466 495 529 ep.
517 445 645 517 CXLll,
666 467 699 526 73
720 447 878 507 etiterum
899 464 946 528 ep.
966 445 1109 521 CXLVl,
1129 448 1158 512 5.
1312 485 1314 492 ι

194 555 241 615 De
266 552 440 635 repetundis
467 555 499 615 iu
525 555 672 637 petitione
697 551 871 616 ,consulatus
892 573 910 615 a
935 552 1052 626 Sardis,
1080 575 1158 635 quos
1199 542 1203 550 ’

193 682 252 743 pro
272 669 412 741 praetore
433 679 514 723 anuo
535 662 690 743 superiore
703 657 978 731 administraverat,
1000 670 1157 723 aecusatus

194 779 260 830 erat
281 767 422 829 Scaurus.

159 897 188 936 tt
213 875 368 936 Alluditur
393 873 432 935 ad
458 875 620 954 satyricam
650 871 811 955 Sophoclis
830 871 965 935 fabulam
986 866 1150 932 tritomo.

195 981 255 1042 Sed
275 1002 324 1042 res
348 983 414 1063 ipsa
440 979 582 1043 obscum:
610 980 765 1042 Manutius
792 989 894 1042 tamon
920 981 1067 1051 coniecit,
1091 999 1155 1043 rem
1216 960 1218 965 ¹

195 1088 360 1170 qnamdam
380 1078 477 1149 aetam
499 1108 562 1148 asse
589 1086 671 1169 apud
697 1086 856 1150 Caesarem
879 1089 909 1149 in
930 1087 1085 1158 convivio,
1106 1087 1155 1146 eui

196 1197 328 1273 Quintus
349 1195 459 1275 aliique
479 1194 688 1265 interfuerint,
709 1214 770 1275 qun
790 1196 821 1254 in
842 1214 875 1255 re
896 1193 1002 1255 Cicero
1021 1202 1112 1274 neget
1124 1212 1157 1252 se

194 1312 366 1362 ceterorum
397 1304 592 1363 convivarum
624 1302 799 1362 sententiam
826 1298 978 1383 probare,
1005 1301 1155 1376 Quintum

193 1429 269 1468 vero
289 1408 453 1490 prudenter
474 1429 504 1469 se
526 1410 649 1490 gessisse
669 1407 821 1469 concedat.
844 1406 964 1468 Solstitz.

158 1536 192 1574 12
214 1517 352 1576 Latinam
380 1517 656 1597 interpretationem
684 1535 741 1597 pro
768 1513 868 1575 verbis
899 1515 1012 1595 graecis
1041 1511 1155 1576 hubent

194 1621 283 1682 tmb.
309 1620 357 1693 16,
377 1622 471 1683 Laod.
492 1632 522 1683 et
541 1622 608 1683 add.
629 1643 724 1703 usque
746 1621 785 1682 ad
805 1622 883 1683 vict
906 1633 1044 1681 motuum
1064 1620 1157 1680 Arte-

193 1750 256 1790 nas.
279 1729 442 1811 adagium,
462 1729 544 1810 quod
557 1741 660 1791 noster
674 1733 810 1792 Ariostus
824 1728 1020 1813 amplificavit
1039 1730 1070 1790 in
1092 1727 1155 1787 Or-

194 1836 286 1898 lando
308 1837 382 1897 Fur.
403 1856 428 1896 c.
454 1837 524 1914 140,
546 1846 580 1897 st.
607 1857 635 1897 ιε

357 1998 469 2062 Portar,
488 2012 558 2047 come
575 1996 599 2046 si
615 1993 687 2060 dice,
706 2014 723 2047 ιι
740 1997 817 2048 Samo
835 1995 908 2059 vasi,

355 2089 461 2144 lllottols
477 2107 494 2142 a
511 2091 608 2157 Arene,
626 2108 639 2140 e
655 2088 787 2143 crocodili
803 2108 820 2142 a
837 2090 938 2160 Egitto.

157 2265 191 2323 13
215 2261 394 2345 significare
414 2263 534 2324 videtur
554 2264 602 2324 vel
622 2268 731 2346 polima
759 2262 797 2324 de
825 2263 982 2325 consulatu
1009 2284 1079 2334 suo,
1105 2262 1176 2324 vel'

192 2368 308 2430 librum
330 2368 368 2430 de
389 2369 577 2452 temporibus
598 2372 667 2432 suis.
688 2370 805 2431 Setun
829 2370 955 2443 Caesar,
980 2369 1087 2452 supple
1108 2371 1153 2431 iu-

189 2475 306 2537 dicavit.
332 2477 403 2540 Mox
423 2477 664 2561 provocabulum
685 2495 755 2540 num
775 2477 860 2543 abest
881 2477 921 2539 ab
943 2477 1037 2550 Aldu,
1061 2476 1153 2540 Hera.

192 2582 301 2647 Lamb.

592 2798 712 2863 CXLV.

154 3032 164 3071 1
188 3010 246 3071 Ed.
267 3010 341 3071 Min.
361 3009 447 3071 ναὶᾰε
466 3010 715 3086 iurisrornultum,
734 3013 765 3074 h.
789 3035 815 3075 e.
841 3014 999 3076 meliorem
1024 3015 1153 3089 Ictum,

190 3137 284 3199 ιιιιιιιιι
304 3116 440 3179 militem.
464 3116 565 3180 Valde
585 3117 669 3181 abest
688 3118 728 3179 ab
749 3118 836 3181 emb.
859 3122 887 3183 3.

154 3244 170 3284 a
193 3221 304 3284 Ambb.
326 3244 361 3296 a,
380 3222 416 3297 6,
433 3221 487 3299 ιδ,
507 3225 567 3287 Zel.
588 3226 612 3286 B
633 3238 663 3288 et
683 3227 750 3289 edd
771 3239 858 3300 vett,
880 3249 954 3310 quas
968 3229 999 3288 in
1013 3226 1154 3290 manibus

189 3329 307 3404 habeo,
327 3330 450 3394 videare.
472 3332 532 3394 Sed
552 3345 582 3395 et
602 3335 758 3416 vulgatum
779 3335 906 3398 viderere
926 3345 1105 3419 optumos,
1129 3338 1154 3398 si

192 3458 256 3497 ιιοιι
277 3459 295 3498 a
314 3437 464 3518 gaudeas,
485 3440 535 3501 sed
556 3463 575 3501 a
595 3443 703 3502 venisse
722 3443 856 3504 dicamus
876 3443 1017 3527 pendere.

156 3545 296 3607 3Minus
328 3557 409 3607 recte
434 3547 543 3608 Ambb.
573 3559 604 3609 et
629 3549 696 3613 edd.
724 3561 794 3612 vett.
821 3552 1000 3612 accersitum.
1023 3549 1110 3610 Amb.
1135 3549 1156 3611 6

192 3653 281 3712 etium
302 3664 330 3712 te
349 3672 431 3727 arn,
452 3666 481 3716 et
501 3655 547 3716 ed.
568 3657 675 3720 Minut.
697 3670 723 3718 te
743 3679 805 3718 esse
824 3680 886 3720 acc.
907 3658 978 3718 Mox
999 3657 1065 3720 edd.
1081 3667 1154 3718 vett.

193 3760 256 3818 eins
276 3762 450 3842 superbiam.
1021 3805 1024 3816 ‹

160 3864 284 3941 ttmb.
307 3889 325 3950 7
347 3889 405 3930 non
426 3871 502 3930 miti.
524 3872 557 3931 ln
581 3871 687 3934 Ambb.
701 3872 738 3946 6,
756 3872 791 3934 ι5
804 3885 834 3936 et
855 3874 915 3935 Zel.
936 3873 959 3934 B
978 3872 1063 3934 abest
1076 3872 1154 3933 milti.
