2632 4852
70 349 75 352 -
162 301 232 374 206
334 298 338 304 ’
493 321 662 369 unrsrora
688 323 808 377 cuxrn.
937 324 968 371 n.
985 325 1018 371 v.
1037 325 1066 373 c.
1085 313 1132 376 699

383 522 436 574 Scr.
455 520 548 572 Romae
564 520 653 599 paulic
668 529 725 590 poet
742 538 826 592 super.
844 521 918 590 epist.

271 720 314 782 Μ.
340 720 376 782 Τ.
401 718 544 782 CICERO
568 718 604 781 L.
628 717 871 783 cvtLEOt0¹
896 719 984 784 s„P.
1008 721 1049 787 l).

207 928 307 1020 Quae
330 922 441 997 fecisti
463 925 504 996 L.
535 922 677 996 Lucceii
710 947 832 1022 causa,
864 923 953 997 scire
984 937 1022 998 tc
1051 926 1154 1027 plane

158 1052 257 1152 volo,
273 1065 308 1124 tc
324 1049 458 1125 homini
475 1049 669 1149 gratissimo
688 1047 929 1124 commodasse
942 1066 976 1150 23
991 1065 1028 1124 et
1045 1080 1151 1153 quum

111 1171 114 1177 ’
158 1179 246 1278 ipsi,
270 1202 358 1279 quae
383 1175 513 1273 fecisti,
537 1188 698 1275 pergrata
724 1189 834 1276 sunt,
849 1189 924 1248 tum
948 1176 1154 1277 Pompeius,

157 1303 442 1404 quotiescumque
466 1326 523 1377 me
547 1300 646 1385 videt
671 1299 799 1405 (videt
812 1314 941 1376 autam
970 1328 1078 1404 saepe
1097 1306 1156 1404 ³),

157 1412 283 1529 gratias
300 1427 364 1501 tibi
381 1429 452 1527 agit
468 1425 666 1525 singulares.
683 1427 788 1501 Addo
813 1427 921 1500 etiam
936 1427 1043 1529 illud,
1060 1428 1154 1530 quod

156 1553 221 1627 tibi
245 1552 534 1634 iucundissimum
559 1578 633 1626 esse
659 1528 765 1626 certo
781 1553 873 1653 scio,
888 1578 945 1625 me
969 1555 1089 1655 ipsum
1112 1580 1153 1627 ex

156 1678 216 1781 tua
242 1707 322 1779 erga
346 1681 535 1754 Lucceium
552 1656 958 1793 benignitatcffnauirud
970 1677 1152 1784 voluptate

157 1806 257 1879 allici.
291 1804 400 1897 Quod
432 1820 612 1906 superest,
644 1831 855 1911 quamquam
872 1786 973 1911 'milri
994 1786 1076 1909 ¹*non
1102 1821 1154 1880 est

157 1918 320 2031 dubium,
345 1933 431 2034 quin
455 1931 597 2033 quaml
622 1945 724 2021 antea
755 1945 876 2009 nostra
903 1909 1031 2033 causa,
1058 1958 1152 2007 nunc

155 2060 227 2132 iam
250 2059 358 2131 etiam
382 2072 463 2131 tuae
488 2059 705 2133 constantiae
738 2059 864 2158 gratia,
894 2081 1078 2135 mansurus
1103 2059 1150 2132 sis

155 2185 192 2256 lu
218 2183 340 2291 eadem
365 2165 431 2258 ista
455 2182 679 2260 liberalitate:
696 2199 815 2258 tamen
839 2183 954 2259 abste
970 2183 1153 2260 'vehemen-

156 2322 210 2384 ter
234 2312 340 2384 'etiarn
358 2308 468 2414 'atque
493 2291 610 2385 etiam'
624 2325 728 2412 peto,
762 2323 803 2384 ut
830 2310 871 2384 ca
888 2299 924 2410 5,
939 2332 1032 2419 'quae
1055 2299 1152 2386 initio

156 2436 363 2536 ostendisti,
387 2435 621 2539 deincepsque
646 2437 777 2538 fecisti,
809 2435 855 2510 ad
881 2424 1014 2510 exitum
1039 2436 1152 2535 augeri

156 2570 192 2633 et
217 2559 384 2644 cumulari
408 2577 532 2663 perte
558 2544 721 2655 velissuld
740 2575 781 2658 wet
805 2561 955 2657 Lucceio
987 2576 1024 2634 et
1048 2563 1150 2636 Pom·

155 2688 246 2787 prio,
262 2687 364 2765 valde
388 2702 524 2787 gratum
549 2690 622 2765 fore
627 2744 639 2789 ,
663 2702 767 2790 teque
785 2668 880 2790 apud
897 2713 957 2763 eos
971 2685 1151 2791 praeclare

155 2814 385 2913 positurum⁶
411 2817 581 2892 confirmo
605 2828 643 2894 ct
666 2814 836 2914 spondeo.
861 2815 915 2888 De
940 2813 1152 2916 republica,

156 2938 268 3041 deque
292 2940 347 3013 his
372 2943 518 3043 negotiis
552 2940 892 3042 cogitationibusque
921 2941 1053 3014 nostris
1078 2966 1150 3042 per·

155 3067 390 3165 scripseram
418 3069 464 3144 ad
489 3081 523 3140 te
550 3068 734 3167 diligenter
757 3068 878 3167 paucis
903 3080 987 3141 ante
1011 3064 1149 3163 diebus5
1197 3085 1199 3089 ·

89 3245 93 3254 „
156 3215 281 3293 easque
305 3192 421 3267 literas
448 3192 612 3268 dederam
637 3194 754 3294 pueris
779 3194 859 3268 tuis.
990 3247 992 3252 s

569 3447 728 3522 CLXIV.
880 3487 1126 3546 (ianuarium)

70 3616 73 3620 ’
155 3608 373 3698 Argumentum.
395 3625 433 3700 Q.
457 3623 636 3706 Pompeium
666 3628 709 3685 ite
739 3623 912 3707 proconsuli
943 3622 1041 3685 Curio
1071 3641 1144 3684 com·

193 3728 333 3802 mandat,
353 3741 388 3790 ut
408 3734 491 3811 quasi
513 3744 638 3815 propter
658 3733 892 3796 familiaritatem
912 3733 1059 3818 postulet.
