2632 4852
317 351 320 356 ’
432 368 467 413 ru
496 365 682 415 ssisronts
985 345 1055 452 3¹7.

60 489 77 528 n
100 466 274 540 Schlitzius,
293 477 416 527 auctore
436 466 591 540 Ernestio,
610 488 656 526 me
676 461 1031 530 mimasteteaarans'

60 576 78 636 3
100 574 201 656 Vulgo
222 576 314 634 Bruto
334 572 438 647 datae,
452 574 535 655 quod
554 576 614 634 iam
637 574 946 648 correxitMnnutius,
967 586 998 636 et
1011 597 1058 638 re·

99 690 242 762 ceperunt
263 681 426 752 Gruterus,
446 681 615 752 Ernestius‚
636 679 794 742 Schtitsius
815 680 1010 742 etClorlcus.
1124 757 1126 761 .

58 789 79 865 4
99 787 299 868 Dialogorum
320 787 357 846 de
371 807 403 846 re
417 785 500 868 publ.
514 787 686 868 disputans,
707 797 741 849 ut
761 786 874 847 factum
888 786 1058 848 videbimus

98 889 141 953 dc?
148 894 266 965 Crasso,
279 895 424 965 Antonio,
438 893 564 977 aliisque
578 896 609 954 in
621 893 706 955 libris
720 891 759 954 dc
774 891 907 956 Oratore.
917 893 1005 955 nmb.
1021 893 1058 956 16

99 1000 255 1060 inducetur
272 1002 303 1060 ia
322 1019 351 1060 a.
373 1000 390 1060 l.
773 998 775 1003 ⁴
840 1019 844 1025 ’

59 1107 79 1167 5
102 1107 172 1167 Sine
193 1127 282 1166 eurise
301 1107 449 1188 porticulo
470 1118 502 1167 ut
521 1105 661 1167 Ernestio
681 1104 840 1167 videbatur
861 1107 992 1166 insititio.
1008 1105 1059 1165 Ci-

98 1232 169 1273 cero
190 1214 269 1272 enim
291 1215 347 1284 ait,
367 1222 401 1273 ut
421 1216 453 1273 in
472 1212 557 1273 libris
577 1211 615 1272 de
639 1211 763 1273 Oratore
780 1213 893 1275 mentio
913 1211 979 1272 fieri
995 1233 1057 1273 nou

97 1329 217 1401 poterut
243 1317 281 1378 ab
307 1320 358 1391 iis,
385 1321 436 1400 qui
463 1319 647 1401 disputantes
673 1318 876 1390 inducuntur,
896 1319 953 1378 nisi
979 1319 1059 1392 eius,

99 1427 151 1506 qui
172 1430 281 1497 notus,
303 1437 355 1486 aut
380 1426 499 1487 auditus
521 1437 615 1502 essct3
635 1427 677 1488 sic
698 1428 730 1486 in
750 1425 834 1486 libris
855 1423 893 1485 de
919 1445 950 1485 re
973 1424 1058 1507 publ.

100 1534 284 1593 mentionem
307 1531 372 1593 fieri
393 1553 455 1593 non
481 1552 567 1615 posse
588 1528 755 1606 Hortensii,
775 1534 847 1614 quia
873 1531 1057 1591 inducuntur

98 1659 256 1719 personae,
279 1641 331 1721 qui
353 1640 449 1700 multo
470 1653 538 1701 unte
560 1641 753 1706 Hortensium
777 1648 882 1702 natum
904 1637 1053 1700 ¹vixerunt.

102 1739 220 1805 Schiitz.
440 1741 441 1746 ἵ

57 1850 78 1912 6
100 1849 188 1912 Amb.
215 1872 248 1932 17
270 1863 300 1912 et
319 1851 427 1915 Lemb.
448 1874 507 1914 non
524 1856 620 1938 potuit
640 1855 754 1914 mentio.

58 1978 76 2036 7
100 1956 186 2017 Amb.
212 1957 247 2018 16
267 1958 350 2033 Pilii,
375 1981 407 2041 ¹7
430 1961 495 2022 Pili.

58 2062 79 2123 8
100 2061 209 2126 nmbb.
234 2064 283 2138 16,
307 2087 341 2147 17
363 2077 394 2128 et
413 2066 480 2129 edd.
501 2078 571 2129 vett.
592 2065 674 2128 duos.

57 2191 79 2252 9
101 2169 220 2231 Scilicet
240 2172 418 2234 Varronem.

62 2296 98 2338 so
120 2275 239 2338 Scilicet
259 2281 289 2339 in
311 2281 339 2340 ll
360 2291 390 2341 et
411 2281 457 2341 lll
476 2280 513 2342 de
537 2280 661 2343 Oratore
672 2325 683 2356 ,
711 2283 743 2340 in
770 2277 881 2362 quibus
911 2276 1056 2339 Scaevola

99 2403 210 2464 augur,
231 2387 335 2466 quiin
356 2389 455 2469 primo
476 2388 695 2471 disputaverat,
715 2407 776 2448 non
797 2385 926 2468 amplius
953 2384 1056 2467 dispu-

21 2546 24 2553 .
100 2489 193 2550 tando
214 2491 305 2552 adest.
327 2493 362 2554 ln
382 2515 442 2577 seq.
463 2495 600 2556 membro
621 2495 787 2556 Lambinus
807 2492 927 2553 deamvi.

63 2616 95 2655 11
122 2595 172 2656 Sic
192 2597 253 2658 fere
274 2599 427 2661 exorditur
447 2623 523 2685 opus
544 2624 633 2664 suum
653 2600 798 2663 Plato-de
819 2601 862 2661 Re
878 2599 962 2682 publ.

65 2722 101 2762 12
124 2701 211 2763 tmb.
237 2706 482 2786 17comm0dom.

61 2812 98 2871 13
121 2811 228 2873 Sermo
249 2813 286 2874 de
307 2816 388 2889 iure,
409 2820 493 2878 cuius
514 2820 651 2900 apprime
677 2819 791 2900 peritus
817 2827 882 2877 erut
902 2812 1056 2876 Scaevola.

62 2916 294 3000 14Legendum
316 2920 390 3003 puto
410 2924 616 2986 cavillatorem.
638 2922 756 2987 Schiitz.
778 2922 866 2983 Amh.
890 2921 926 2982 16
945 2921 1057 2981 iocula-

37 3054 40 3062 ·
99 3025 171 3084 toric
182 3050 192 3101 ‚-
212 3025 317 3087 anh.
339 3028 381 3090 H.
402 3031 590 3091 ioculatoriac
610 3031 799 3114 disputationi
816 3050 928 3102 sonem,
947 3038 1002 3089 etc.

62 3129 99 3191 15
122 3130 233 3192 Schtitz
261 3133 362 3196 Piliae.
394 3137 468 3197 Nom
500 3137 652 3199 Ciceronis
683 3136 763 3199 filine
794 3138 948 3218 negotium
978 3131 1056 3193 nihil

28 3279 32 3284 -
96 3257 176 3319 opus
196 3250 260 3300 erat
287 3240 326 3300 nb
354 3241 476 3304 absente
496 3247 594 3306 Attico
616 3246 764 3326 praesenti
791 3244 870 3325 patri
898 3259 1056 3300 commen·
1133 3285 1135 3291 .

95 3343 173 3405 dari.
193 3345 300 3428 ltaque
320 3353 419 3431 agitur
439 3351 476 3412 de
496 3354 617 3433 negotio
638 3350 734 3412 Pilius
755 3352 844 3411 Attici
865 3349 976 3408 uxoris.
999 3346 1057 3407 llic

95 3451 229 3532 incipere
249 3453 447 3536 fragmentum
470 3458 547 3519 nlius
567 3457 726 3542 epistolae,
747 3467 858 3518 temere
887 3453 938 3513 hic
959 3452 1056 3512 alieno

95 3555 165 3617 loco
185 3558 349 3636 inclusum,
369 3563 449 3626 idem
470 3564 581 3626 Schtitz
600 3576 695 3648 putot.
717 3567 822 3645 ltaque
837 3561 868 3621 id
883 3582 901 3620 a
915 3568 1054 3621 contextu

95 3664 265 3727 seiunctum
286 3672 370 3732 uncis
384 3672 511 3734 inclusit.
532 3674 622 3747 Nam,
643 3693 737 3755 quum
752 3670 827 3730 haec
841 3666 967 3751 epistole
981 3646 1056 3726 scri-

94 3779 150 3850 pta
171 3773 208 3831 sit
227 3773 295 3840 Kal.
318 3777 426 3839 Octob.
449 3781 545 3860 (infra
565 3786 582 3856 s
601 3779 658 3860 4),
674 3800 741 3861 ‘quo
762 3776 854 3838 modo
869 3776 975 3835 Cicero
996 3793 1055 3855 po-

91 3876 198 3940 tuisset
218 3901 340 3947 narrare
361 3887 392 3948 in
413 3907 500 3950 causa
521 3889 614 3949 Drusi
635 3887 747 3950 iudices
771 3886 896 3971 reiectos
918 3900 988 3968 ⁸esse
1015 3877 1055 3940 ad
