2632 4852
431 375 468 421 m
494 367 683 420 rmsronas
986 350 1058 446 345

59 499 95 539 ιο
116 476 286 546 Manutius,
306 473 412 533 Lamb.
427 474 575 534 Gmterus
589 492 651 533 non
664 473 727 533 sine
741 476 872 555 antiquis
885 474 971 537 Ilbris
985 497 1058 538 eou-

80 585 241 670 firmatus,
265 581 347 664 quod
370 592 469 641 tamen
495 600 557 641 non
582 601 677 662 aeque
705 580 900 642 commodum
927 582 1057 644 videtur.

98 689 304 774 Confhmmtrts
324 699 383 760 est,
402 686 512 748 talibus
533 685 670 747 moribus
697 690 868 761 institutus,
887 688 939 750 tali
958 692 1060 750 animo

95 800 125 857 in
146 816 180 858 re
200 795 274 880 pub.
294 794 466 879 praeditus;
487 813 565 876 quae
585 814 620 856 ex
648 792 906 856 administratione
932 798 1059 880 provin·

96 907 160 965 ciae
181 923 299 964 sumere
320 904 428 985 potuit.

58 1033 90 1071 ιι
116 1011 270 1093 Tempore
290 1009 402 1070 futuris
423 1007 702 1071 Clodiani'llecole
722 1030 769 1093 ep.
790 1008 897 1073 XXIV
917 1021 948 1072 et
975 1033 1058 1095 seqq.

59 1137 95 1177 12
117 1118 280 1189 Graevius,
301 1118 349 1176 eui
375 1115 437 1176 duo
457 1114 567 1176 Amhb.
588 1116 706 1190 favent,
726 1117 790 1178 ulla
810 1136 986 1202 ιιιιιιιᾳιιαιιις
1006 1118 1059 1181 sed

95 1223 175 1284 hane
194 1223 323 1284 formam
344 1222 475 1283 Ernestii
497 1243 585 1283 aures
605 1242 667 1283 uon
687 1222 829 1285 tulerunt.

59 1331 96 1391 13
118 1328 230 1390 Schiitz
252 1328 347 1411 fiant,
375 1329 457 1411 quod
482 1329 639 1391 Emestlus
660 1331 846 1392 coniiciendo
867 1331 1061 1413 corrIgebat‚

95 1447 223 1520 propter
242 1439 439 1519 praeteritum
456 1438 595 1518 potuisse.

58 1544 97 1621 ¹4
117 1542 160 1603 ld'
172 1544 317 1604 nimirum
338 1545 416 1605 inter
436 1553 535 1604 cetera
555 1543 720 1625 significat,
741 1545 824 1628 quod
845 1549 941 1608 estin
963 1546 1058 1608 Auto-

96 1651 197 1723 nium‚
216 1649 295 1711 Phil.
317 1651 363 1724 II,
383 1672 408 1711 e.
434 1649 477 1771 ιθ(
501 1651 586 1712 Bern.
608 1651 741 1714 Rutilius.

429 1882 432 1887 ’
487 1888 638 1956 CLXVII.

59 2100 70 2139 ι
96 2076 154 2140 Ed.
175 2079 232 2140 Ro.
256 2080 288 2143 0.
314 2077 458 2144 Trebatio.

54 2205 73 2245 ι
95 2184 143 2247 nd
164 2185 322 2249 Caesarem
342 2191 374 2250 in
395 2188 537 2263 Galliam;
563 2209 632 2272 epp.
654 2187 816 2250 CXXXIII
838 2199 868 2250 et
888 2188 986 2263 CXL,
1008 2208 1035 2252 a.

54 2291 307 2374 3‘1nrerregnum
333 2304 379 2356 est
406 2297 591 2357 intervallum
616 2296 711 2376 mgni,
737 2305 791 2356 aut
816 2307 938 2380 tempus
964 2293 1061 2370 illud,

96 2420 159 2481 quo
179 2400 341 2482 Imperium
363 2423 433 2483 rege
454 2423 506 2462 seu
532 2404 711 2484 magistratu
736 2413 844 2479 vacat3
864 2403 930 2464 Liv.
951 2403 991 2476 V,
1012 2404 1059 2464 31.

96 2506 237 2567 Francius.
258 2509 365 2589 Itaque
385 2511 546 2591 interregni
568 2506 704 2592 tempore
725 2508 836 2570 iudicia
856 2509 1009 2583 iacebant,
1025 2530 1062 2569 ae

94 2614 225 2696 prolude
236 2614 313 2676 nihil
325 2636 402 2699 opus
413 2628 479 2677 erat
493 2617 579 2678 lctis.
592 2619 677 2696 Quot
691 2620 862 2699 interregna
875 2618 988 2679 fuerint
1000 2615 1067 2677 hoc'

98 2741 180 2781 auno
200 2732 285 2793 ante,
306 2745 398 2805 quam
420 2724 561 2785 Calvinus
583 2736 612 2786 et
632 2725 761 2786 Messala
782 2725 972 2786 consulatum
986 2726 1060 2784 inie-

98 2829 170 2900 rint,
184 2826 294 2888 docent
306 2830 366 2890 Dio
380 2840 411 2890 et
423 2830 587 2908 Pedianus3
602 2852 734 2914 quorum
748 2834 865 2914 primus
876 2830 986 2892 urbem
998 2832 1062 2890 sine

92 2934 319 3015 magistratibus
339 2957 395 3019 pet·
408 2958 457 2998 sex
471 2959 587 2999 menses
607 2938 699 3000 fulsse
716 2937 829 3002 scribit,
840 2935 893 2998 lib.
910 2937 982 3008 XL,
1003 2936 1061 3012 453

94 3040 174 3101 alter
193 3051 295 3102 autem
315 3044 479 3125 interregni
500 3045 563 3105 dies
582 3044 667 3105 haud
687 3045 790 3128 plures
812 3046 946 3126 quinque
968 3041 1062 3102 luisse

94 3146 198 3208 tradit.
219 3148 296 3209 Sunt
316 3152 410 3232 igitur
428 3150 486 3211 hae
507 3153 624 3213 ratione
644 3172 693 3213 sex
713 3150 868 3213 mensibus
889 3153 1060 3229 interregna

92 3254 242 3317 XXXVI.
253 3256 363 3318 Obiter
375 3257 541 3319 notandum
555 3261 737 3342 interregem
749 3279 813 3320 non
827 3259 884 3320 nisi
898 3257 1060 3340 patricium

93 3361 202 3435 sitisse,
220 3383 238 3422 a
259 3363 329 3424 solIs
349 3366 482 3447 patriciis
510 3365 699 3427 senatoribus
720 3363 811 3449 prodi
834 3364 956 3425 solitum
979 3361 1060 3442 (Cic.

93 3488 154 3551 pro
174 3468 265 3529 Dom.
291 3473 342 3548 14,
361 3470 512 3535 Pedianus
537 3476 568 3533 in
588 3474 772 3534 Miloniauae
794 3473 896 3552 arg),
916 3479 946 3529 et
967 3470 1060 3528 comi-

93 3578 208 3636 tiorum
236 3576 448 3640 habendorum
472 3601 562 3641 eausa
586 3591 729 3641 creatum.
752 3577 831 3639 Vide
855 3578 970 3637 Manut.
998 3574 1061 3635 No·

93 3702 166 3744 men
186 3687 312 3746 retinuit
331 3688 362 3746 in
383 3686 478 3749 libera
503 3710 536 3749 re
563 3686 666 3771 publ.,
696 3685 779 3769 quod
806 3685 879 3746 olim
905 3693 1061 3765 acceperat

92 3800 314 3872 postmortem
335 3792 458 3855 Romuli
480 3797 510 3855 in
532 3798 711 3878 interregno.

52 3897 72 3973 4
96 3897 186 3960 Vnde
210 3905 322 3982 petitur
344 3901 500 3966 dicebatur
527 3907 569 3976 is,
601 3925 619 3962 a
644 3924 707 3986 quo
733 3904 861 3987 pecunia
888 3900 918 3961 ln
947 3899 1060 3961 iudicio
