2632 4852
445 344 482 390 rr
507 338 695 390 nersronts
1000 320 1070 395 365

73 468 111 528 ²7
134 444 212 506 Sext.
232 453 263 504 et
283 444 426 525 septimus
448 443 558 503 laboro.

75 553 115 614 28
135 552 185 611 Sic
205 570 275 610 cum
297 548 437 609 Sclrtitzio
459 549 632 609 concinnius
658 556 756 609 sertus
781 557 812 607 et
840 547 901 608 Zel.
915 549 948 609 B.
968 550 1072 632 Vulgo

115 670 147 719 ut
167 658 241 716 huic.
263 655 345 715 Infra
365 657 465 715 statim
486 654 574 715 multi
594 653 664 715 libri
675 654 814 736 propriae
827 655 931 727 soluti,
944 660 1073 738 etquin-

111 761 224 825 tusdec.
246 759 373 821 studium
392 758 518 821 dedices.

74 891 114 952 29
133 869 180 928 Ex
201 868 297 950 Papia
318 877 406 948 gente
435 865 510 927 Milo
536 866 613 939 fuit,
633 878 668 927 ut
692 868 735 927 ait
760 865 931 944 Pedianus,
962 868 1013 929 sed
1033 868 1072 928 ab

112 977 149 1036 T.
163 976 262 1034 Annio
274 994 333 1033 aro
354 994 409 1033 sno
423 984 560 1034 materno
581 972 741 1056 adoptatus
761 993 947 1056 praenomen
967 986 997 1036 et
1017 995 1073 1035 no-

112 1102 183 1141 men
204 1078 273 1140 inde
294 1083 407 1140 sumsit.
429 1079 547 1139 Manat.

73 1190 112 1248 3ο
133 1190 234 1266 Quam
254 1206 289 1247 ex
308 1188 427 1276 pietatis
447 1185 590 1268 opinione
611 1206 787 1268 consequar.
808 1184 903 1247 Idem.

73 1295 108 1355 31
135 1294 192 1354 Sic.
207 1295 287 1355 Vict.
309 1292 389 1353 Man.
411 1292 519 1369 Herv.;
533 1290 642 1353 Ambb.
664 1292 781 1374 aliquot
800 1294 831 1352 in
844 1306 871 1352 te
885 1293 912 1352 lt.
925 1313 948 1352 s.
970 1292 1071 1374 Vulgo

112 1399 156 1460 ad
175 1412 202 1459 ee
223 1401 296 1459 haec
308 1399 468 1459 scriberem.
488 1399 561 1458 Mox
578 1397 687 1459 Ambb.
705 1418 774 1459 cum
788 1397 854 1458 edd.
869 1398 924 1458 Ro.
946 1407 976 1459 et
995 1399 1071 1458 lens.

111 1518 255 1589 quantum
274 1504 417 1588 officr'um3
438 1504 525 1565 llmb.
546 1504 679 1566 decimus
700 1526 756 1565 sec.
770 1516 912 1586 quantum
932 1507 962 1564 in
983 1518 1009 1564 te
1028 1503 1072 1586 os-

106 1613 218 1694 ficium.

73 1718 171 1779 3211.
200 1740 225 1779 e.
252 1738 321 1779 cum
354 1718 456 1799 aliquo
486 1716 622 1798 periculo
649 1726 680 1778 et
705 1715 819 1778 invidia
849 1727 878 1778 et
909 1717 1071 1777 inimicitiis

113 1825 242 1885 aliorum
263 1827 415 1908 susceptis.
437 1825 552 1885 Manat.

73 1932 112 1991 33
134 1930 288 1992 Secundus
308 1931 477 2012 impetrabo.

72 2037 113 2114 34
134 2035 234 2121 Supra
254 2035 300 2098 ed.
320 2036 400 2098 Med.
421 2036 525 2118 Neque
544 2036 629 2098 emm.
651 2037 734 2097 Tum
758 2045 857 2097 sextus
878 2054 945 2096 tneo
970 2053 1071 2094 causa.

491 2278 657 2340 CLXXIX.

75 2487 85 2526 r
111 2464 189 2526 Edd.
210 2465 266 2526 Ro.
290 2407 448 2557 Minuset
469 2466 596 2527 Manutii
617 2465 732 2537 Faria·
755 2463 913 2545 vulgatum
941 2461 1071 2522 retinent

111 2572 183 2633 libri
202 2573 299 2634 multo
319 2573 429 2655 plures.

71 2700 90 2738 n
110 2679 345 2740 Damnationem
365 2691 396 2742 et
416 2679 560 2742 exsilium.

72 2787 90 2845 3
113 2784 224 2847 Schtita
244 2807 279 2847 ex
299 2789 419 2869 ingenio
442 2800 468 2848 te
489 2802 521 2850 ut
540 2788 668 2869 colligas.

69 2894 90 2970 4
112 2893 204 2954 Dedit
215 2894 374 2955 hominum
390 2895 504 2968 studia,
522 2895 670 2968 honores,
683 2896 940 2957 existimationem.
955 2892 1072 2954 Manat.
1117 2946 1121 2953 .

110 3001 159 3060 De
179 3001 276 3063 Fadio
298 3000 357 3062 vid.
378 3000 417 3063 ad
437 3024 483 3084 ep.
504 3003 637 3076 LXXX,
658 3021 675 3061 2
702 3013 788 3075 exte,
808 3011 838 3061 ct
858 3011 927 3083 post
947 2999 1020 3059 Red.
1042 3000 1074 3059 in

112 3127 173 3168 sen.
194 3106 224 3168 8.
442 3140 446 3149 ‚

69 3211 91 3272 5
114 3212 247 3285 Scilicet,
269 3215 369 3299 adepti
391 3228 467 3277 sunt.
488 3215 623 3299 Adeptus
643 3228 744 3278 autem
766 3226 831 3276 erat
843 3213 957 3274 Fadius
973 3211 1072 3274 tribu-

111 3330 218 3379 natum
245 3332 275 3381 et
303 3334 512 3403 quaesturam,
539 3334 574 3383 ut
600 3325 698 3384 innuit
724 3321 885 3384 Corradus.
909 3322 982 3382 Mox
1006 3319 1071 3381 edd.

111 3424 219 3485 Minut.
252 3428 332 3489 Man.
365 3428 456 3490 Herv.
485 3429 625 3490 Lambini
658 3431 780 3490 amisbti
789 3473 800 3502 ,
825 3427 914 3509 quod.
941 3429 1088 3498 Amisisti,
1117 3504 1121 3519 ἱ

112 3530 225 3592 scilicet
243 3537 388 3616 patriam,
408 3534 534 3609 liberos,
561 3550 616 3597 etc.
638 3558 715 3619 quae
740 3536 827 3598 multi
854 3535 992 3597 homines
1018 3555 1073 3595 no-

112 3635 250 3698 bilissimi
270 3643 442 3704 innocentes
464 3646 494 3704 in
516 3645 652 3705 exsilium
673 3646 731 3705 acti
752 3646 924 3705 amiserunt.

69 3742 163 3803 asic
194 3744 293 3806 Recal.
324 3759 354 3808 et
379 3748 447 3808 edd.
478 3749 534 3811 Ro.
569 3750 648 3812 Med.
669 3750 756 3835 [Man.
789 3751 880 3812 Herv.
910 3748 1074 3820 Lambini,

113 3851 197 3931 quod
211 3856 384 3917 concinnius
399 3856 532 3933 videtur3
552 3858 645 3940 vulgo
659 3878 814 3942 quumque.
829 3857 917 3919 Amb.
942 3878 993 3931 ra,
1006 3855 1072 3918 edd.
