2632 4852
175 364 222 438 52
522 382 691 432 uersroua
716 382 820 429 exart.
944 374 974 432 a,
994 378 1028 426 v.
1047 378 1076 424 c.
1095 377 1145 427 ⁶99

174 502 252 562 etus
269 488 310 560 ²⁸.
346 483 400 560 Ne
431 482 560 559 (liutius
591 482 762 583 pendeas,
793 479 948 579 palmam
979 476 1070 550 tulit.
1099 476 1169 549 Sed

173 611 261 686 nihil
290 625 363 692 tam
395 607 576 710 pusillum,
608 605 695 681 nihil
728 621 800 679 tam
833 606 908 679 sine
941 627 1050 703 vose,
1083 599 1169 674 nihil

175 750 247 815 tam
271 761 392 810 verum
406 751 447 806 ²9.
472 734 569 811 Haec
594 747 633 805 tu
658 746 775 805 tecum
799 729 938 804 habete.
963 729 1008 800 Iu
1032 725 1171 801 Andro·

173 860 296 934 macha
321 875 439 934 tamen
463 859 574 932 maior
597 858 663 930 fuit
687 883 793 959 quam
819 859 926 954 Astya
944 856 994 952 ³⁰3
1023 877 1107 925 nam
1132 852 1168 922 in

174 987 297 1059 ueteris
321 1010 442 1086 parem
467 974 591 1061 habuit
614 984 797 1055 neminem.
830 981 978 1073 Quaeris
1003 1002 1100 1051 nunc
1125 975 1168 1048 de

172 1109 386 1193 Arbuscula;
423 1109 525 1193 valde
561 1109 702 1220 placuit
740 1106 833 1192 Ludi
849 1108 880 1163 ³¹
916 1103 1096 1203 magnifici
1133 1114 1167 1175 et

175 1235 272 1339 grati
297 1235 449 1311 Venatio
474 1236 512 1307 in
536 1233 631 1315 aliud
657 1248 793 1332 tempus
819 1230 935 1312 dilata,

225 1386 246 1459 7
273 1358 421 1466 Sequere
445 1386 538 1444 nunc
563 1360 681 1443 mein
714 1385 886 1459 campum,
917 1353 1030 1439 Ardet
1056 1352 1165 1438 ambi,

174 1497 248 1582 tus,
283 1498 369 1578 rapa
400 1486 435 1561 δέ
463 1515 513 1559 roa
544 1491 625 1581 ἐρέω.
658 1485 776 1558 Fenus
808 1509 850 1558 ex
887 1482 1013 1555 triente
1044 1479 1164 1558 Idibus

174 1609 386 1700 Quintilibus
410 1609 583 1684 facturum
607 1622 682 1683 erat
706 1608 864 1682 bessibus
877 1609 918 1679 ³².
938 1607 1061 1681 Dicess
1079 1605 1166 1677 istus

174 1731 315 1832 quidem
339 1759 411 1816 non
434 1735 580 1808 moleste
606 1734 679 1809 sero
697 1736 738 1807 ³³.
773 1734 962 1807 Ovimmi
987 1755 1010 1803 ο
1036 1731 1167 1803 civem!

174 1858 377 1931 Memmium
402 1861 558 1933 Caesaris
584 1885 705 1935 omnes
730 1884 816 1959 opes
842 1859 1061 1932 confirmant.
1079 1855 1166 1929 cum

174 2008 216 2055 eo
240 1984 432 2066 Domitium
449 1983 482 2050 ³4
507 1985 666 2062 consules
698 1985 902 2081 iunxerunt,
932 2007 1001 2082 qua
1031 1979 1166 2083 partie

172 2133 217 2188 ne
234 2109 280 2207 ³5,
303 2107 470 2209 epistolae
496 2111 713 2193 committere
737 2134 811 2192 nou
837 2106 958 2191 audeo.
976 2105 1165 2205 Pompeius

172 2231 304 2332 fremit,
328 2237 499 2334 queritur,
516 2235 646 2307 Scauro
659 2237 690 2286 ³⁶
708 2234 842 2308 studet:
863 2232 926 2306 sed
942 2244 1063 2309 utmm
1077 2207 1166 2303 uon,

172 2371 225 2454 te,
249 2383 294 2430 an
318 2373 453 2458 mente,
477 2358 669 2433 dubitatur:
686 2364 772 2462 ἐξοχὴ
791 2360 829 2432 in
854 2356 950 2430 nullo
976 2370 1031 2427 est
1044 2357 1087 2429 ³⁷.
1103 2356 1163 2429 Pe.-

172 2482 274 2554 uunia
298 2483 454 2566 omnium
480 2484 686 2589 dignitatem
710 2496 888 2585 exaequat.
916 2479 1069 2554 Messala
1092 2479 1164 2552 lan-¹

173 2620 270 2708 guet:
305 2631 378 2692 uon
410 2633 480 2712 quo
515 2624 574 2682 aut
591 2596 742 2682 'animus
774 2609 881 2707 desit,
911 2619 971 2689 aut
996 2606 1102 2678 amici
1117 2604 1164 2702 ³⁰3

171 2732 235 2815 aed
259 2735 364 2811 coitio
389 2735 588 2834 consulum,
612 2750 649 2815 et
671 2736 861 2839 Pompeius
880 2733 1019 2817 obsunt
1036 2734 1093 2806 Ea
1111 2756 1164 2805 co·

170 2857 268 2937 mitia
285 2860 327 2958 ³9,
351 2874 439 2960 puto
464 2862 555 2962 ibre,
586 2876 627 2946 ut
651 2861 832 2942 ducantur.
863 2857 1060 2943 'tribunicii
1086 2883 1162 2935 cau·¹

171 2981 282 3066 didati
306 2985 464 3069 iurarunt
481 3013 518 3060 se
535 2986 679 3064 arbitrio
696 2987 841 3062 Catonis
858 2985 1042 3086 petituros,
1058 2979 1162 3084 Apud

27 3151 37 3170 ·
170 3132 251 3184 eum
274 3109 349 3185 Hs
375 3114 549 3212 quingena
564 3113 596 3183 to
623 3112 880 3213 deposuerunt,
903 3124 960 3207 ut,
985 3109 1048 3210 qui
1067 3134 1088 3180 a
1104 3107 1163 3185 Caq

170 3245 254 3305 tone
279 3233 462 3320 damnatus
487 3253 594 3335 esset,
620 3239 658 3310 id
683 3237 866 3337 perderet,
891 3248 927 3307 et
953 3233 1161 3332 compsam

167 3357 264 3432 ribus
301 3360 518 3443 tribueretur,
556 3364 654 3435 Haeo
689 3388 754 3460 ego
790 3361 903 3462 pridie
940 3356 1159 3451 scribebam,

167 3509 273 3600 quam
299 3487 439 3567 comitia
463 3487 537 3561 iore
554 3488 777 3596 putabantur.
803 3486 875 3558 Sed
899 3484 946 3558 ad
969 3497 1006 3556 te
1023 3483 1062 3556 V
1087 3477 1158 3555 Καὶ

168 3604 259 3690 Sext,
285 3610 314 3692 si
338 3611 429 3693 sacta
454 3626 575 3716 eruat,
606 3628 642 3702 et
666 3613 866 3695 tabellarius
891 3634 964 3684 non
989 3609 1058 3692 erit
1082 3630 1159 3710 proe

166 3728 292 3833 sectus,
316 3749 391 3822 tota
416 3739 556 3827 comitia
581 3740 811 3840 perscribam:
843 3762 932 3839 quae
957 3735 1007 3834 si,
1031 3748 1073 3808 ut
1096 3757 1157 3834 pus

166 3867 299 3958 tantur,
326 3865 473 3960 gratuita
499 3864 642 3962 fuerint,
666 3865 746 3975 plus
772 3890 861 3947 unus
879 3863 968 3942 cato
992 3858 1155 3970 potuerit,
