2632 4852
177 335 242 425 ¹3l
504 311 672 398 rrrsrom
698 349 805 396 crvu.
943 345 976 395 A.
994 349 1028 404 v,
1046 349 1074 396 c.
1094 347 1143 400 sco

171 481 276 558 quam
301 452 473 550 solebam,
497 452 577 550 sed,
601 477 710 553 quum
733 449 812 523 loca
836 461 874 520 et
896 448 1022 529 itinera
1041 463 1101 522 tua
1119 452 1169 524 nie

169 581 219 654 hil
243 578 372 653 habere
396 578 481 652 certi
505 576 631 675 video,
656 600 770 677 neque
794 576 832 648 iu
856 575 1004 674 Epirum
1016 628 1035 674 ,-
1051 601 1166 677 neque

168 705 341 803 Athenas,
370 728 483 802 neque
508 703 545 774 in
570 701 709 801 Asiam,
740 724 856 801 neque
889 701 1069 802 cuiquam,
1100 701 1166 773 nisi

169 829 216 904 ad
240 843 275 902 te
291 831 408 929 ipsum
424 827 675 927 proficiscenti,
691 824 775 898 dedi
790 825 917 898 literas.
933 824 1058 927 Neque
1075 827 1164 899 enim

167 968 251 1028 sunt
274 970 361 1027 eae²
378 951 547 1053 epistolae
572 965 726 1050 nostrae,
752 975 842 1052 quae
866 951 895 1023 si
920 949 1078 1050 perlatae
1094 976 1163 1024 nou

167 1058 254 1180 sint,
278 1078 366 1152 nihil
389 1105 431 1150 ea
455 1103 509 1151 res
534 1102 600 1151 nos
626 1076 801 1150 offensura
827 1077 888 1173 sit,
913 1101 1002 1177 quae
1027 1082 1164 1150 tantum

169 1199 302 1276 habeut
325 1203 589 1303 mysteriorum,
612 1216 652 1275 ut
677 1228 743 1275 eas·
766 1226 811 1274 ue
843 1199 994 1275 librariis
1020 1201 1163 1309 quidem

167 1326 237 1402 sere
262 1316 531 1401 committamus.
639 1307 642 1314 ¹
1137 1338 1140 1344 '

219 1482 240 1526 2
258 1451 514 1554 **‘Lepidum
541 1479 611 1555 quo
632 1451 788 1553 excidat,
812 1450 1002 1527 consules³
1019 1433 1163 1552 flagrant

166 1579 324 1679 infamia,
349 1579 445 1681 quod
470 1581 510 1654 C.
535 1580 721 1652 Memmius
739 1577 946 1651 candidatus
963 1580 1163 1678 pactionem

68 1719 73 1725 '
166 1705 203 1776 in
229 1719 352 1777 senatu
377 1705 553 1803 recitavit,
581 1731 687 1805 quam
710 1705 787 1805 ipsc
811 1718 848 1777 et
865 1703 977 1786 suusl
994 1705 1162 1806 competi-

166 1844 223 1903 tor
247 1831 422 1904 Domitius
441 1857 521 1903 cum
538 1824 740 1903 consulibus
760 1830 938 1930 fecissent,
961 1831 1043 1902 uti⁵
1061 1831 1161 1903 ambo

165 1957 250 2030 LLS
276 1955 497 2058 quadragena
523 1955 724 2030 consulibus
742 1955 885 2054 darent,
909 1956 939 2028 si
963 1970 1081 2029 esseut
1095 1957 1160 2055 ipsi

166 2080 327 2155 consules
352 2082 455 2181 facti,
486 2082 554 2154 nisi
579 2097 649 2155 tres
681 2084 860 2180 augures⁶
885 2079 1080 2181 dedissent,
1103 2082 1159 2182 qui

164 2232 203 2280 se
235 2206 385 2280 admisse
418 2207 590 2307 dicerent,
623 2233 731 2309 quum
754 2206 816 2280 lex'
835 2207 967 2280 curiata
997 2207 1161 2305 serretur,

164 2358 254 2432 quae
278 2331 380 2405 lata⁷
405 2359 478 2406 nou
511 2347 623 2432 esset,
653 2348 690 2406 et
722 2331 827 2408 duo⁸
853 2331 1071 2433 consulares,
1104 2332 1161 2434 qui

164 2480 202 2527 se
228 2455 385 2529 dicerent
408 2459 445 2529 in
471 2456 637 2531 ornandis
664 2457 856 2558 provinciis
889 2436 1159 2532 consularibus⁹

164 2579 349 2654 scribendo
375 2582 542 2683 adfuisse,
567 2611 675 2685 quum
699 2585 845 2658 omnino
864 2610 910 2657 ue
927 2598 1071 2658 senatus
1089 2583 1158 2685 quir

163 2703 245 2778 dem
269 2706 397 2782 suisset
422 2710 519 2783 Haec
535 2712 669 2811 pactio,
694 2702 769 2783 non
786 2709 900 2784 verbis
915 2727 955 2808 ¹⁰,
973 2709 1037 2783 sed
1054 2709 1159 2783 nomi·

161 2831 264 2905 nibus
289 2846 326 2906 et
349 2835 673 2936 perscriptionibus,
700 2836 890 2908 multorum
909 2835 1037 2909 tabulis
1056 2861 1158 2937 quum

162 2983 237 3047 esse
259 2959 351 3032 facta
368 2961 556 3061 diceretur,
581 2963 716 3062 prolata
743 2991 764 3037 a
791 2964 959 3038 Memmio
977 2975 1032 3035 est
1048 2961 1157 3035 nomi·

160 3082 264 3157 nibus
295 3086 448 3160 inductis
468 3104 509 3187 ¹¹,
532 3102 674 3162 auctore
705 3088 887 3191 Pompeio.
924 3089 994 3160 Hic
1025 3089 1155 3188 Appius

161 3223 237 3282 arnt
268 3210 423 3284 idem12.
448 3213 543 3286 Nihil
575 3241 658 3288 sane
690 3216 852 3288 iacturae.
892 3216 1082 3288 Conuerat
1112 3211 1157 3285 al·

159 3348 213 3407 ter
239 3337 279 3434 ¹³,
303 3352 340 3410 et
370 3338 474 3438 plane
506 3342 667 3441 iuquam,
701 3341 846 3416 iacebat.
881 3342 1070 3414 Memmius
1101 3364 1155 3411 au-

160 3473 246 3557 tem,
276 3462 423 3537 diremta
448 3468 599 3539 coitione
618 3469 649 3535 ¹4
678 3468 791 3543 invito
822 3458 1034 3566 Calvin015,
1058 3469 1154 3570 plauc

158 3586 337 3662 refrixerat
343 3618 353 3687 3
371 3605 406 3664 et
423 3617 465 3665 eo
483 3596 592 3692 magis
609 3623 703 3669 nunc
721 3598 874 3695 cogitare
892 3595 1103 3670 dictaturam
1116 3596 1154 3687 ¹⁶,

158 3725 234 3784 tum
258 3716 373 3790 favere
405 3720 554 3819 iustitio,
587 3737 624 3793 et
655 3726 811 3797 omnium
846 3750 963 3796 rerum
988 3724 1147 3797 licentiae.

156 3838 319 3939 Perspice
359 3848 565 3948 aequitatem
599 3851 704 3924 animi
738 3852 804 3925 mei
843 3867 879 3930 et
912 3852 1037 3929 ludum
1056 3871 1092 3949 ¹⁷,
1115 3862 1145 3919 et
