2632 4852
166 336 232 407 150
527 352 694 401 sersaoni
719 356 770 401 en.
944 353 973 401 r.
988 357 1019 402 v.
1035 357 1063 404 c
1082 357 1134 416 699

160 463 210 532 sic
236 461 384 559 pecunia
410 456 524 528 ablata
550 457 692 529 domum
710 455 822 529 redire
838 455 1072 556 properabas:
1090 482 1156 530 nec

95 542 140 592 Χ
159 585 223 656 tibi
248 585 285 655 in
309 597 462 654 mentem
486 580 666 680 veniebat,
683 606 743 655 eos
767 583 881 682 ipsos,
897 583 958 682 qui
975 607 1058 654 cum
1074 609 1155 682 syn·

159 710 299 808 graphis
332 709 508 780 venissent
539 707 785 780 Alexandriam
801 708 828 807 ⁵,
858 733 1006 779 numum
1037 709 1156 781 adhuc

157 833 291 905 nullum
322 833 454 906 auferre
484 834 649 933 potuisse.
686 835 784 932 Ego,
821 833 850 905 si
878 832 947 904 mei
973 833 1155 907 commodi

157 961 329 1032 rationem
362 959 541 1057 ducerem,
572 973 608 1030 te
639 983 777 1030 mecum
805 984 880 1030 esse
904 959 1055 1030 maxime
1082 959 1155 1032 vel-

158 1084 235 1157 lem.
262 1086 344 1158 Non
368 1086 460 1156 enim
484 1084 654 1156 mediocri
674 1082 879 1156 afficiebar⁶
894 1082 953 1157 vel
969 1083 1155 1184 voluptate

159 1238 202 1282 ex
227 1210 480 1283 consuetudine
504 1225 647 1308 nostra,
678 1208 736 1281 vel
766 1209 914 1282 utilitate
939 1231 983 1282 ex
1008 1209 1156 1283 consilio

160 1351 263 1436 atque
295 1362 401 1435 opera
434 1351 501 1407 tua.
539 1336 609 1408 Sed
640 1361 749 1436 quum
780 1349 816 1406 te
846 1359 890 1406 ex
918 1333 1155 1407 adolescentia

159 1476 252 1534 tuat
279 1462 315 1531 in
345 1463 529 1533 amicitiam
567 1475 603 1532 et
638 1461 745 1532 fidem
781 1487 896 1532 meam
926 1459 1181 1558 contulisses,-

159 1612 299 1686 semper
323 1601 358 1658 te
383 1613 456 1658 non
480 1586 588 1661 modo
621 1586 791 1659 tuendum
823 1585 926 1683 mihi,
960 1586 1153 1658 sedetiam

160 1710 357 1809 augendum
382 1726 486 1811 atque
511 1711 708 1784 ornandum
731 1714 862 1810 putavi.
887 1712 1011 1814 Itaque
1037 1707 1153 1812 quoad

161 1839 324 1936 opinatus
349 1863 444 1934 sum,
462 1863 519 1907 me
543 1838 579 1907 in
602 1838 821 1937 provinciam
837 1837 1010 1908 exiturum
1021 1837 1049 1935 ⁸,
1067 1863 1153 1936 quae

159 1962 206 2034 ad
231 1976 266 2034 te
290 1961 382 2036 ultro
407 1961 581 2034 attrden’m
597 1980 624 2062 ⁹,
648 1963 847 2035 meminisse
872 1975 908 2034 te
933 1960 1052 2034 credo.
1085 1963 1152 2034 Po·

159 2103 340 2190 steaquam
363 2115 441 2161 mea
464 2103 599 2161 mutata
624 2089 712 2162 ratio
738 2102 810 2189 est,
841 2104 959 2192 quum'
983 2087 1153 2186 viderem,

158 2239 260 2288 mea
280 2216 427 2289 Caesare
451 2215 799 2288 honorificentissime
824 2216 985 2314 tractari,-
1001 2228 1039 2287 et
1054 2215 1152 2287 unice

159 2339 279 2439 diligi,
315 2341 536 2442 hominisque
567 2341 810 2414 liberalitatem
844 2339 1088 2414 incredibilem
1119 2353 1152 2440 et

159 2465 370 2563 singularem
395 2468 502 2540 fidem
524 2494 680 2541 nossem:
712 2469 762 2540 sic
790 2469 822 2539 ei
847 2481 883 2540 te
908 2465 1151 2540 commendavi

159 2603 195 2660 et
221 2590 369 2690 tradidi,
401 2608 442 2664 ut
467 2595 665 2691 gravissime
692 2593 1020 2695 diligentissimeque
1045 2592 1150 2692 potui.

158 2714 267 2805 Quod
290 2715 347 2787 ille
372 2719 420 2789 ita
446 2720 651 2818 accepit105
676 2731 712 2790 et
735 2718 820 2790 mihi
846 2744 950 2818 saepe
976 2718 1085 2790 literis
1109 2718 1151 2788 si-

159 2840 356 2938 gnificavit,
381 2857 417 2915 et
441 2843 507 2916 tibi
532 2857 568 2916 et
592 2844 708 2918 verbis
742 2859 778 2916 et
810 2871 847 2917 re
875 2843 1056 2945 ostendit,
1077 2869 1151 2915 mea

159 2968 462 3042 commendatione
487 2997 562 3043 sese
587 2970 689 3044 valde
707 2997 781 3044 esse
799 2985 1026 3044 commotum.
1051 2972 1150 3044 Hunc

157 3104 196 3163 tu
222 3094 337 3168 virum
361 3111 485 3169 nactus
497 3152 507 3195 ,
538 3098 569 3170 si
601 3124 658 3172 me
682 3111 745 3172 aut
769 3124 890 3197 sapere
916 3097 1071 3199 aliquid,
1095 3107 1151 3169 aut

157 3215 247 3291 velle
272 3234 332 3292 tua
357 3248 461 3295 causa
485 3237 606 3323 putas,
631 3251 675 3296 ne
701 3223 890 3298 dimiseris:
913 3226 1015 3324 et,si
1039 3236 1149 3326 qua¹¹

155 3355 193 3413 te
218 3344 306 3417 forte
332 3373 385 3419 res
412 3348 600 3449 aliquando
632 3350 838 3448 offenderit,
870 3378 980 3451 quum
1010 3350 1070 3423 ille
1095 3362 1151 3423 aut

154 3472 407 3571 occupatione,
439 3489 499 3545 aut
529 3475 733 3550 difficultate
763 3476 896 3550 tardior
920 3475 986 3549 tibi
1012 3478 1080 3549 erit
1103 3476 1149 3548 vi-

157 3619 230 3691 sus,
254 3597 419 3698 perfert0,
444 3615 480 3672 et
504 3599 625 3674 ultima
651 3616 872 3703 exspectato,
887 3629 977 3704 quae
998 3629 1065 3702 ego
1090 3599 1148 3674 tibi

157 3731 192 3788 et
217 3720 367 3795 iucunda
393 3739 429 3797 et
452 3725 599 3801 honesta
624 3729 820 3829 praestabo.
840 3728 1005 3803 Pluribus
1023 3742 1058 3801 te
1076 3727 1146 3800 hor·

157 3843 222 3923 tari
247 3870 319 3918 uon
346 3850 464 3926 debeo.
491 3855 645 3930 Tantum
670 3884 818 3955 moneo,
840 3883 955 3958 neque
982 3858 1145 3932 amicitiae
