2632 4852
244 313 315 404 354
607 322 878 376 eurorlrrouns

282 435 386 505 infert,
407 432 529 492 mallem
550 413 611 490 esse
626 430 771 489 Treviros
786 447 877 496 auro,
889 435 1033 505 argento,
1047 445 1135 495 nere,
1158 445 1248 505 quam

282 540 393 601 scilicet
413 536 562 620 capitales.
586 534 761 595 Triumviros
780 544 882 593 autem
900 528 1032 592 Treviros
1047 531 1156 591 solitos
1175 531 1248 604 dici,

282 647 386 706 Livius
406 646 476 704 satis
496 641 628 724 locuples
648 662 710 702 esse
723 643 806 701 testis
825 648 936 721 potest.
959 638 1092 697 Bembus
1118 637 1248 697 Bernar-

283 752 356 815 dino
377 749 503 810 Sandro.
523 748 609 808 Libri
629 747 718 807 multi
743 746 879 806 Trevires.

248 859 284 921 18
303 855 411 918 Arubb.
432 855 466 928 6,
492 857 542 932 14,
562 852 628 915 edd.
650 864 720 913 vett.
742 864 772 913 et
792 850 897 912 Lamb.
919 864 1040 930 urgento
1061 870 1141 911 aere.

670 1093 820 1152 CLXXII.
881 1129 888 1140 =

249 1308 259 1345 1
282 1285 339 1345 Ed.
360 1286 416 1344 Ro.
439 1284 471 1344 C.
496 1281 641 1344 Trebatio.

245 1415 262 1453 2
285 1394 353 1455 Vna
373 1391 418 1452 ed.
439 1392 546 1475 Minpt.
567 1390 649 1474 quod
667 1390 792 1451 moleste.

246 1497 363 1581 3Epp
376 1498 520 1561 CXXXV
528 1509 559 1558 et
568 1497 737 1557 CXXXIX
751 1496 853 1567 Istic,
845 1516 876 1555 m
888 1493 1000 1555 Gellia
991 1514 1062 1574 ep.
1074 1493 1247 1553 CXXXIII

283 1605 362 1666 Edi
382 1615 453 1667 vett.
475 1619 502 1664 te
522 1627 583 1666 esse
603 1607 690 1665 istim
751 1660 753 1664 .
826 1634 829 1665 :

244 1713 278 1787 4
284 1711 390 1771 Lamb.
411 1715 484 1771 scite
504 1725 564 1773 tum
583 1732 695 1771 meuc.

244 1817 264 1876 5
283 1817 384 1879 Nostri
403 1837 513 1879 omues
527 1839 595 1877 cum
618 1817 684 1878 edu
706 1827 776 1879 vett.
798 1832 895 1879 toruen
914 1817 969 1876 lroe
989 1837 1048 1888 ms,
1070 1827 1195 1898 praeter
1216 1837 1247 1886 α,

231 1924 234 1929 ’
285 1925 336 2003 qui
350 1923 423 2004 legit
434 1922 487 1984 sed
500 1937 598 1984 tumen
607 1925 695 1986 mlo.
707 1924 747 1984 Et
759 1943 829 1983 mox
840 1921 948 1984 Lamb.
961 1921 1115 2002 nossem.
1127 1920 1246 1991 Schiitr,

198 2025 201 2028 ⁴
283 2049 325 2088 er·
339 2033 511 2091 oonieclura
529 2031 661 2092 Erneslii
681 2031 807 2102 delevit,
828 2051 888 2091 uos.

243 2134 264 2195 6
282 2136 361 2196 Edd.
375 2147 446 2198 veto
463 2158 538 2199 cum·
546 2137 652 2198 Lomb.
666 2138 763 2221 quod,
784 2141 825 2198 sic
838 2149 871 2199 et
881 2139 977 2198 nostri
991 2135 1079 2198 codd.
1092 2137 1131 2197 0.
1146 2135 1248 2207 Mutii,

284 2246 368 2305 cuius
396 2255 490 2310 exstat
510 2247 686 2325 gravissima
712 2247 797 2327 epist
820 2242 1028 2322 (DCCXVI).
1050 2243 1146 2324 Apud
1174 2241 1247 2302 Coe-

284 2371 379 2409 sarem
408 2352 506 2432 gratia
531 2351 641 2426 valuit3
669 2373 716 2433 ep.
743 2350 857 2411 DXIV.
886 2350 1003 2410 Manui·
1033 2327 1167 2409 Gabene
1193 2348 1246 2408 ali·

283 2457 406 2538 quaudo
427 2457 544 2518 dicitur.
557 2458 626 2521 Vid.
647 2459 785 2540 Lipsium
806 2457 846 2518 ad
858 2458 1000 2517 Tacitum
1020 2457 1099 2528 XII,
1121 2455 1172 2517 60.
1186 2455 1249 2515 Do·

283 2563 468 2646 clusimique,
498 2564 701 2640 Quintilianus
731 2563 801 2643 (lib.
822 2564 901 2634 XII,
927 2585 951 2623 c.
985 2562 1026 2642 6)
1055 2566 1097 2622 uit
1119 2563 1246 2622 Matium

273 2680 351 2728 onte
384 2674 584 2749 quaestoriam
618 2682 746 2732 amntem
779 2674 848 2745 (au.
881 2673 949 2731 cire.
978 2671 1092 2747 XXV)
1130 2690 1247 2743 orasse3

257 2782 260 2787 '
284 2776 451 2837 Columella
474 2777 541 2856 (lib.
561 2779 638 2850 XII,
660 2800 683 2839 c.
704 2781 725 2855 4
745 2790 775 2838 et
794 2780 852 2856 44)
876 2779 1028 2859 scripsisse
1050 2798 1123 2836 eum
1145 2776 1183 2837 de
1204 2777 1248 2857 pi-

283 2893 376 2954 store,
398 2904 512 2964 coquo,
533 2896 563 2944 et
584 2886 704 2945 cellario
725 2885 818 2945 libros
838 2894 908 2944 tres.
930 2883 977 2943 Ab
999 2883 1102 2943 Gellio
1126 2903 1248 2964 quoque

282 3000 312 3049 et
331 2989 488 3050 Macrobio
509 2992 625 3052 lauda'ri
640 2992 728 3052 video
742 2991 912 3051 doctrinam
933 2990 988 3049 Cn.
1010 2990 1109 3050 Marii.
1132 2989 1194 3050 sed
1207 2988 1246 3048 ibi

284 3095 335 3156 Cu.
356 3095 406 3156 hic
430 3097 518 3158 Cuius
537 3101 727 3174 nominatum
748 3109 782 3159 ut
804 3097 851 3159 rel
865 3097 927 3157 duo
949 3097 1037 3156 Matii
1060 3097 1193 3169 fuerint,
1206 3095 1248 3154 di-

283 3226 369 3265 verso
391 3207 601 3286 praenomine,
623 3217 749 3286 uterque
776 3208 807 3264 iu
834 3207 941 3288 primis
968 3203 1122 3279 eruditus3
1151 3203 1198 3263 vel
1224 3203 1245 3260 si

283 3332 360 3371 unus
380 3311 452 3382 fuir,
472 3311 616 3371 mendum
638 3315 676 3372 sit
689 3316 720 3371 in
739 3312 885 3372 alterutro
899 3312 1110 3393 praenomine.
1134 3309 1245 3369 Manui.

283 3418 399 3477 l'itiose
420 3418 485 3479 edd.
508 3421 624 3502 priores
645 3419 743 3478 illarii.
793 3468 796 3475 ,

663 3661 827 3718 CLXXlll.

245 3869 254 3905 1
280 3847 335 3905 Ed.
357 3847 413 3906 Ilo.
437 3848 468 3907 C.
495 3847 636 3905 Trebellio.
