2632 4852
155 337 226 416 290
520 331 790 385 sunornrlones

2 507 7 516 Ι
55 458 57 463 ·
155 486 159 499 ,
193 457 249 511 su3
275 432 391 500 Schittc-
418 434 570 516 rescripsit
599 431 793 503 marsallum,
824 429 907 512 quod
935 429 1019 498 idem
1049 443 1095 497 est
1123 455 1156 494 ac

191 542 338 623 paullum.

158 651 176 711 3
196 649 254 731 Ep.
276 648 373 720 CXL,
399 668 408 709 1
434 658 506 715 extr.
527 646 644 715 dixerat
656 648 754 715 mute
766 657 926 726 nwwgass
938 645 1159 718 eremus

198 755 333 819 Caesaris
352 753 497 821 mndata
515 753 554 821 de
574 774 640 821 moa
659 754 809 822 mannae
830 752 960 828 Romae,
975 763 1013 815 fil
1033 772 1070 818 ⁰¹
1089 752 1159 825 ffll⁸s

197 883 275 942 quae
296 873 478 942 sequuntur,
498 874 551 927 out
570 863 635 944 spei
651 874 705 928 out
731 860 900 950 cogitationi
923 871 1037 927 vestm
1065 857 1161 920 erilem

196 968 322 1050 defense
342 968 461 1034 videtur
481 968 582 1050 colligi
601 989 690 1050 posto
711 968 871 1036 Caesarem
891 978 922 1036 ot
936 967 1090 1046 Quintum
1103 965 1159 1031 fra-

199 1086 276 1139 trem
298 1097 316 1135 a
336 1075 440 1139 Marco
461 1077 657 1159 impetrasse,
683 1085 717 1142 ut
737 1073 787 1141 hio
812 1075 929 1140 Romae
956 1082 1113 1159 maneret,
1131 1082 1159 1135 et

199 1185 295 1248 causis
315 1181 483 1248 forensibus
503 1187 632 1249 vacaret.
652 1181 731 1249 Edu
752 1179 859 1249 Lami.
881 1181 961 1244 vics
979 1179 1145 1262 perscribit.
1209 1248 1211 1254 ,

137 1284 288 1369 'lumb
314 1287 364 1359 16,
384 1288 478 1354 Land.
500 1299 531 1349 et
550 1289 617 1353 edu
638 1299 709 1354 vett.
729 1289 757 1352 ei
773 1286 806 1348 id
823 1288 854 1356 d.

160 1394 180 1457 5
201 1395 282 1471 Quia
295 1405 365 1454 sunt
375 1394 524 1476 Pompeio
538 1395 657 1462 addicti
672 1395 768 1467 Hinc,
780 1392 864 1477 qnod
878 1395 1031 1475 sequitur,
1044 1394 1076 1452 in
1089 1392 1160 1455 hono

196 1514 330 1581 partem,
349 1501 482 1583 intellige
505 1501 645 1568 Caesaris.

159 1605 180 1671 6
200 1607 226 1666 E
248 1612 434 1671 correctione
454 1610 592 1677 Manutii
612 1607 698 1675 Libri
719 1619 788 1675 ante
809 1629 879 1675 essm
905 1609 1091 1675 venementer
1107 1625 1160 1669 ex-

200 1714 340 1780 colamur.

162 1841 178 1898 7
200 1819 332 1891 Eorum,
353 1823 405 1902 qui
426 1825 457 1883 in
477 1832 582 1885 senatu
602 1844 722 1882 mecum
743 1824 880 1883 sentiant.

160 1925 181 1991 8
200 1925 284 1989 Libri
304 1931 399 1993 nostri
418 1951 489 1991 cum
516 1929 583 1996 edd.
608 1951 705 2011 usque
726 1930 765 1995 ad
785 1929 892 1995 Lamb·
919 1930 1037 1993 aerarii.
1065 1929 1161 1989 Luou-

201 2033 299 2101 lentus
320 2035 421 2108 locus,
440 2048 475 2097 ut
488 2049 518 2099 et
531 2036 582 2102 ille
602 2037 744 2119 epistolae
765 2036 846 2108 CIV,
865 2037 900 2113 d,
920 2056 956 2097 ex
971 2057 1035 2116 quo
1052 2035 1162 2114 colligi*

203 2153 267 2213 tur,
289 2155 349 2204 tres
371 2143 491 2208 ordines
513 2147 544 2210 in
565 2165 598 2211 re
623 2141 707 2224 publ.
728 2142 838 2210 indicio
858 2144 1034 2210 eneconisse.
1056 2141 1117 2207 Sed
1136 2151 1164 2200 et

84 2294 92 2319 ,
202 2251 280 2309 ratio
307 2249 563 2316 numerandarum
592 2252 807 2317 sententiarum
837 2248 981 2317 notendo·
1015 2248 1163 2310 Omnium

202 2357 358 2430 ordinum,
377 2361 476 2440 inquit
488 2359 658 2431 Manutius.
676 2360 840 2426 sententiae
863 2355 1125 2426 numerabuntur,
1137 2364 1165 2414 et

202 2484 237 2530 ex
258 2467 372 2525 maiore
393 2476 481 2546 parte
501 2465 549 2526 vel
570 2464 801 2536 absolvebatur,
829 2463 876 2525 vel
903 2460 1165 2529 condemnabatur

202 2591 292 2646 reus3
318 2571 460 2638 ordinum
488 2575 625 2654 ipsorum
645 2548 728 2637 rntid
743 2593 805 2637 nou
836 2569 1017 2636 habebatur.
1044 2569 1163 2634 Poterat

201 2678 280 2741 enim
302 2701 359 2739 usu
379 2683 496 2752 venire,
516 2692 551 2745 ut
571 2685 638 2761 quis
659 2702 677 2741 a
698 2679 818 2745 duobus
839 2675 999 2744 ordinibus
1022 2675 1164 2748 condem-

201 2794 305 2857 natae,
326 2807 361 2846 ex
382 2790 523 2854 universo
543 2800 645 2853 tamen
666 2788 882 2853 sententiarum
905 2805 1038 2850 numero
1066 2781 1163 2843 ahsol-

202 2902 331 2958 veretur.
357 2894 439 2954 Haec
466 2898 614 2976 capitum,
639 2915 701 2953 non
727 2894 870 2962 ordinum
897 2890 1005 2957 habita
1031 2893 1111 2956 indo
1136 2891 1164 2947 in

203 3002 354 3060 sententiis
374 3001 585 3072 numerandis,
606 3003 796 3082 potissimum
817 2999 874 3064 hac
893 3010 1000 3066 nostre
1021 3008 1118 3063 aetate
1136 2997 1166 3055 in

202 3126 292 3166 causa
320 3107 397 3178 fuit,
424 3119 456 3168 ut
486 3107 688 3168 florentissimi
719 3109 804 3188 regui
836 3126 908 3186 opes
941 3127 1024 3171 anno
1057 3102 1164 3165 Christi

203 3213 481 3274 MDCCLXXXIX
501 3236 622 3296 pessum
642 3217 737 3285 luent,
758 3213 805 3273 vel
828 3224 860 3272 ut
874 3212 981 3272 saltem
997 3213 1063 3272 eius
1084 3208 1165 3290 regul

204 3318 286 3379 orbis
307 3321 422 3380 maiore
444 3343 513 3381 curn
535 3324 634 3380 souitu
656 3331 892 3381 converteretur.

162 3445 183 3504 9
204 3428 385 3486 Accusatum
406 3449 424 3486 a
444 3429 561 3487 Licinio
583 3428 677 3487 Calvo
698 3427 736 3490 dc
757 3425 892 3497 ambito,
913 3423 998 3505 quod
1017 3422 1163 3506 praetoria

203 3535 325 3592 comitia
346 3537 535 3621 corrupisset.
558 3537 663 3612 Quint,
686 3535 746 3606 Vl,
771 3556 803 3604 ι,
827 3535 861 3599 ι3
882 3533 1008 3610 Egregie
1030 3527 1164 3612 iaqullld

205 3638 358 3701 Vatinium
380 3640 503 3705 Calvus:
533 3643 662 3708 Factum
692 3640 841 3707 ambitum
871 3640 953 3705 scitis
981 3657 1095 3704 omnes.
1122 3631 1160 3692 Cs-

203 3764 248 3824 ep.
271 3747 444 3821 CXLVIII,
464 3747 491 3807 5.
513 3751 594 3811 Turn
616 3749 742 3822 Schtitn,
762 3759 885 3826 auctore
907 3747 1066 3818 Eumene,
1086 3759 1157 3804 eram

201 3848 389 3931 definiremus,
410 3856 492 3936 quod
513 3859 574 3919 iam
595 3857 761 3919 Lambinus
783 3858 985 3944 rescripserat
