2632 4852
253 346 300 419 92
568 335 738 386 srrsronr
764 335 906 386 cxtvru.
1028 336 1058 383 n.
1076 337 1107 411 r.
1126 337 1155 386 c.
1172 339 1224 399 699

290 440 433 504 tuendam
463 441 644 522 susceperim
675 441 696 516 4
723 439 830 498 deinde
858 457 952 519 quum
979 437 1017 498 de
1045 441 1146 520 Appio
1170 439 1247 499 nilril

291 569 367 630 opus
387 548 425 606 sit
444 545 563 617 dicere,
582 544 603 605 5
622 566 677 605 eur
696 544 853 606 Vatinium
884 543 1070 617 defenderit,
1095 543 1116 604 6
1141 557 1173 607 et
1191 568 1248 608 eur

249 688 253 697 ›
291 675 361 714 eum
382 652 489 713 Crasso
519 653 550 712 in
580 654 708 732 gratiam
739 651 876 726 redierit,
904 653 1033 733 exponit.
1061 669 1080 732 7
1105 652 1248 734 Denique

263 775 266 781 '
289 764 428 822 universe
448 781 478 821 se
498 780 534 820 ea
554 759 676 819 consilia
695 760 796 839 sequi,
810 775 888 840 quae
903 769 969 823 tum
989 755 1047 818 sibi
1066 768 1133 819 tum
1155 761 1249 820 etiam

289 872 333 930 rei
353 866 437 950 publ.
458 864 624 927 rationibus
650 864 817 925 conducere
847 874 952 946 putet,
979 862 1122 925 affirmat.
1143 863 1248 926 81³0-

290 987 401 1037 stremo
422 973 505 1034 addit
525 973 583 1033 alia
603 971 769 1054 quaedam3
798 971 837 1032 de
857 972 973 1052 scriptis
993 972 1054 1031 suis
1073 982 1144 1053 post
1164 971 1247 1031 Len-

289 1081 345 1141 tuli
366 1080 546 1156 diseessnm3
565 1099 586 1161 9
605 1077 643 1138 de
668 1077 788 1138 Lentuli
818 1076 908 1137 rebus
934 1075 1122 1154 domesticis3
1153 1098 1188 1138 ro
1209 1077 1247 1138 de

290 1189 329 1265 Q.
355 1187 455 1247 fratris
483 1188 626 1266 negoti03
660 1206 690 1244 11
720 1185 758 1245 de
789 1204 844 1244 suo
872 1185 902 1243 in
930 1182 1092 1245 Lentulum
1125 1184 1248 1260 studi03

294 1315 328 1352 12
348 1293 386 1353 de
407 1294 495 1375 Appii
523 1295 554 1352 in
583 1293 771 1374 provinciam
802 1291 1002 1367 suecessione3
1026 1289 1060 1350 13
1085 1289 1124 1352 de
1145 1289 1248 1373 publi·

292 1401 372 1459 cauis
391 1398 520 1460 Lentulo
540 1397 740 1459 conciliandis.

417 1577 470 1631 Ser.
490 1579 584 1631 Romae
602 1579 632 1631 Δ.
646 1574 679 1630 V.
697 1573 726 1631 C.
744 1572 888 1643 DCXCIX,
906 1590 991 1629 mense
1008 1575 1079 1649 Sept.

250 1784 253 1788 ·
274 1780 275 1785 ¹
295 1752 338 1815 Μ.
364 1753 399 1815 T.
425 1749 569 1814 CICERO
593 1751 625 1813 P.
650 1750 837 1813 LENTVLO
864 1747 1081 1813 ΙΜΡΕΒΑΤ.Ι
1106 1751 1138 1815 S.
1162 1749 1201 1816 D.

268 2020 271 2025 ,
306 1968 318 2012 1
348 1934 587 2013 Periucundue
612 1935 697 2009 mihi
730 1934 868 2011 filerunt
895 1934 1015 2009 literae
1045 1950 1145 2038 tuae,
1170 1941 1245 2042 qui-
1300 1954 1302 1961 ⁴

247 2064 314 2139 bus
339 2065 508 2164 intellexi,
533 2079 568 2137 te
592 2064 789 2163 perspicere
813 2087 927 2136 meam
951 2063 988 2135 in
1006 2077 1041 2136 te
1057 2065 1244 2164 pietatem3

249 2191 334 2293 quid
358 2192 451 2264 enim
477 2190 590 2263 dicam
614 2188 904 2287 benivolentiam,
936 2214 1042 2290 quum
1076 2189 1165 2263 illud
1188 2193 1244 2292 ip-

248 2343 324 2390 sum
350 2318 588 2415 gravissimum
614 2331 649 2389 et
666 2287 928 2389 ‘sanctissimum
952 2293 1083 2388 nomen
1099 2318 1243 2416 pietatis

246 2441 359 2515 levius
384 2441 470 2512 mihi
495 2443 655 2515 meritis²
680 2467 760 2540 erga
778 2466 841 2538 'me
867 2441 936 2513 tuis
961 2467 1035 2513 esse
1061 2440 1243 2516 videaturl

248 2543 356 2657 Quod
381 2582 497 2639 autem
523 2582 619 2667 grata
645 2568 707 2639 tibi
734 2593 811 2641 mea
836 2593 917 2666 erga
936 2576 972 2639 te
989 2565 1103 2639 studia
1123 2566 1243 2640 scribis

248 2717 343 2789 esse,
370 2691 453 2764 facis
485 2707 523 2764 tu
557 2693 698 2794 quidem
727 2692 940 2765 abmrdantia
966 2691 1119 2794 quadam
1146 2718 1244 2766 amo·

247 2818 293 2891 ris
298 2874 321 2914 ‚¹
334 2832 374 2889 ut
399 2820 503 2891 etiam
530 2834 626 2918 grata
651 2821 722 2892 sint
739 2844 779 2891 ea
785 2826 799 2917 ‚'
817 2843 904 2919 quae
922 2812 1154 2919 praetermitti
1171 2820 1244 2891 sine

249 2943 381 3017 nefario
420 2945 547 3018 scelere
581 2972 654 3019 non
686 2959 841 3047 possunt.
875 2944 956 3016 Tibi
988 2957 1106 3020 nutem
1131 2944 1242 3017 multo

245 3072 363 3145 notior
389 3086 492 3173 atque
517 3071 685 3144 illustrior
716 3098 813 3145 meus
846 3072 884 3143 in
911 3084 946 3143 te
972 3071 1108 3144 animus
1134 3085 1244 3169 esset,

247 3198 276 3269 si
302 3195 371 3270 hoe
397 3211 556 3297 tempore
582 3198 679 3269 omni
696 3199 722 3297 ³,
747 3222 816 3298 quo
851 3195 1011 3268 disiuncti
1040 3183 1185 3294 fuimus,
1209 3208 1244 3266 et

153 3335 156 3339 ’
246 3347 334 3422 unu⁷
359 3335 395 3394 et
418 3323 550 3396 Romae
576 3324 765 3396 fuissemus.
793 3322 885 3398 Nam
909 3323 946 3393 in
971 3347 1013 3394 eo
1033 3321 1132 3422 ipsu,
1148 3319 1244 3422 quod

247 3462 283 3519 te
309 3448 464 3522 ostendis
490 3475 564 3522 esse
589 3450 778 3550 facturum,
811 3448 973 3551 quodque
999 3462 1034 3521 et
1058 3448 1243 3548 inprimis

246 3587 366 3675 potes,
391 3590 427 3648 et
452 3601 515 3675 ego
543 3589 622 3648 ate
648 3576 872 3650 vehementer
900 3587 1081 3675 exspecto,
1106 3575 1146 3646 in
1170 3599 1243 3647 sen·

248 3703 365 3772 tentiis
391 3703 589 3802 senatoriis,
614 3704 711 3776 etin
736 3705 832 3776 omni
859 3703 1016 3800 actione,
1050 3680 1156 3802 atque
1182 3698 1240 3771 ad-

249 3827 503 3902 ministratione
535 3829 584 3902 rei
621 3828 781 3929 publicae
814 3829 1065 3904 floruissemus:
1105 3826 1150 3899 de
1175 3851 1239 3925 qun
