2632 4852
162 322 210 420 76
500 343 672 395 rrrsront
696 347 810 397 cxnvr.
934 342 1132 404 11313633

159 471 276 519 mcum
305 476 325 522 a
350 462 386 521 te
411 449 535 547 amari,
566 462 670 548 teque
695 446 740 520 ab
765 446 843 546 illo,
868 449 1079 548 pergaudeo.
1104 456 1157 527 De

160 573 337 648 tribunatu
363 573 460 674 qrrod
483 572 627 671 scribis,
658 598 723 671 ego
748 597 833 646 vero
858 575 1070 650 nominatim
1095 606 1156 679 pe·

158 701 223 774 tivi
238 699 271 766 4³
303 701 447 799 Curtio,
479 714 515 773 et
546 699 634 772 mihi
670 700 746 799 ipse
782 700 910 773 Caesar
945 704 1156 778 nominatim

158 827 280 901 Curtio
305 840 467 926 paratum
492 852 566 898 esse
598 826 791 925 rescripsit,
823 851 1007 928 meamque
1036 828 1075 902 in
1099 856 1156 902 ro·

159 952 274 1051 gando
299 951 545 1025 verecundiam
577 949 782 1049 obiurgavit.
820 951 856 1022 si
888 951 945 1024 cui
973 966 1155 1053 praeterea

158 1079 292 1178 petiero
319 1077 379 1167 (id
404 1076 500 1178 quod
525 1078 630 1152 etiam
654 1078 774 1177 Oppio
801 1075 892 1175 dixi,
920 1090 961 1149 ut
986 1077 1033 1150 ad
1058 1079 1155 1152 illum

159 1202 355 1300 scriberet),
373 1203 471 1276 facile
496 1205 610 1302 patiar
633 1203 719 1274 mihi
743 1204 878 1301 negari,
895 1204 1063 1302 quoniam
1087 1205 1152 1303 iili,

160 1329 221 1427 qui
251 1328 337 1398 mihi
368 1329 506 1400 molesti
538 1327 686 1427 31111144,
719 1328 787 1400 sibi
814 1330 931 1425 negari
955 1353 975 1399 a
1001 1354 1060 1402 me
1085 1355 1156 1402 non

160 1452 259 1525 facile
284 1455 472 1552 patiuntur.
497 1456 575 1552 Ego
601 1455 760 1527 Curtium
786 1453 841 1542 (id
866 1452 963 1555 quod
981 1454 1051 1553 ipsi
1069 1454 1154 1546 dixi)

159 1604 233 1651 non
257 1579 365 1651 modo
397 1581 595 1679 rogatione,
630 1579 694 1652 sed
726 1580 831 1651 etiam
863 1580 1066 1653 testimonio
1095 1595 1155 1652 tuo

161 1703 281 1802 diligo,
306 1703 403 1806 quod
426 1703 533 1778 literis
558 1706 626 1777 tuis
652 1703 807 1777 studium
831 1703 922 1776 illius
947 1705 984 1777 in
1009 1703 1155 1779 salutem

161 1844 318 1903 nostram
342 1829 442 1904 facile
466 1832 636 1931 perspexi.
662 1832 715 1903 De
739 1831 948 1903 Britannicis
974 1831 1080 1904 rebus
1102 1857 1155 1904 cu

161 1956 268 2053 gnovi
292 1981 335 2026 ex
360 1955 427 2027 tuis
452 1954 558 2027 literis
583 1953 670 2026 nibil
702 1981 777 2027 esse
805 1981 871 2027 nec
904 1955 1001 2057 quod
1025 1971 1155 2030 metua-

158 2105 259 2181 mus,
283 2106 348 2153 nec
374 2081 469 2179 quod
495 2080 713 2178 gaudeamus.
739 2082 792 2153 Dc
816 2079 966 2179 publicis
991 2083 1154 2180 negotiis,

161 2232 249 2308 quae
275 2207 328 2281 vis
353 2204 399 2278 ad
423 2219 459 2278 tc
484 2206 650 2278 Tironem
675 2205 842 2304 scribere,
862 2205 1095 2304 negligentius
1112 2207 1154 2279 ad

161 2347 197 2405 tc
222 2346 302 2404 ante
327 2330 540 2430 scribebam,
565 2331 662 2432 quod
686 2332 804 2404 omnia
827 2332 989 2430 minima,
1006 2334 1154 2406 maxima

161 2455 208 2528 ad
232 2459 414 2530 Caesarem
439 2457 531 2528 mitti
556 2458 717 2529 sciebam.

210 2583 438 2681 414333111131ι
465 2582 632 2681 epistolae
665 2584 844 2656 maximae.
872 2582 966 2655 Audi
991 2610 1088 2658 nunc
1113 2584 1153 2656 de

159 2706 369 2780 minuscula:
394 2708 432 2778 iu
457 2733 526 2808 qua
549 2709 701 2807 primum
727 2723 780 2781 est
806 2709 850 2781 de
876 2708 992 2782 Clodii
1010 2711 1058 2781 ad
1075 2713 1153 2784 Cae

103 2930 106 2937 λ
161 2857 273 2905 sarem
297 2830 421 2931 literis,
453 2834 490 2905 in
523 2859 593 2934 quo
626 2836 781 2907 Caesaris
815 2834 999 2907 consilium
1024 2835 1153 2935 probo,

160 2958 258 3058 quod
288 2957 353 3030 tibi
385 2960 617 3035 amantissime
654 2962 788 3059 petenti
820 2961 959 3034 veniam
992 2986 1068 3034 uon
1096 2960 1152 3033 de-

160 3082 213 3157 dit
228 3083 271 3184 45,
285 3085 348 3156 ‘uti
371 3083 480 3156 ullum
506 3084 552 3157 ad
574 3083 669 3156 illam
695 3085 837 3159 Furiam
861 3085 1009 3159 verbum
1034 3086 1152 3158 rescri-

158 3207 266 3282 beret
290 3208 448 3282 Alterum
473 3224 525 3281 est
551 3209 594 3281 de
612 3209 784 3284 Calventii
810 3211 912 3282 Marii
928 3209 961 3274 46
988 3211 1150 3283 oratioue.

159 3333 267 3427 Quod
291 3334 428 3433 scribis,
453 3335 576 3406 miror:
602 3335 666 3406 tibi
690 3335 849 3436 placere,
873 3361 930 3406 me
956 3334 1004 3407 ad
1029 3331 1149 3407 3311147

158 3459 362 3557 rescribere,
386 3461 590 3559 praesertim
616 3488 723 3561 quum
749 3462 843 3536 illam
868 3485 972 3533 nemo
1001 3459 1149 3532 lecturus

157 3584 223 3683 sit,
254 3586 283 3656 si
315 3610 379 3682 ego
411 3584 498 3657 nibil
529 3587 739 3686 rescripsero
751 3615 761 3686 3
793 3612 907 3659 meam
939 3588 976 3656 iu
1005 3580 1148 3657 111311148

155 3711 256 3806 pueri
280 3734 418 3808 omnes,
453 3724 633 3812 tamquam
665 3711 796 3784 dictata
808 3767 818 3810 ,
842 3711 1053 3810 perdiscant.
1093 3708 1146 3780 Li-

155 3831 238 3907 bros
262 3861 358 3910 meos
374 3834 418 3934 49,
443 3864 529 3937 quos
554 3852 748 3938 exspectas,
771 3837 948 3935 inchoavi5
975 3834 1040 3909 sed
1066 3857 1144 3906 cou-
