2632 4852
163 307 234 381 260
521 325 792 377 nnnosnmouss

203 440 305 490 ortum
319 429 420 511 potius
434 428 594 502 existimat,
610 431 662 509 qui
675 425 790 489 nodum
805 423 995 492 insolubilem
1003 428 1043 499 ,in
1060 427 1157 486 Midae

200 536 337 620 plaustro
363 554 433 594 ense
459 532 613 609 dissecuit3
640 532 692 593 sed
716 552 810 613 quare
835 531 913 592 ensis
938 533 1003 592 eius
1030 531 1158 625 Tenedia

198 644 305 703 securis
325 640 457 711 dicatur,
475 659 537 699 non
557 641 663 721 apenit.
677 639 724 699 De
742 635 872 698 stnedi‘as
891 641 988 698 securi
1010 637 1081 698 vide
1102 639 1157 697 Co·

198 769 268 808 non.
289 745 371 828 apud
383 744 527 806 Photium
541 766 609 826 pag.
620 746 707 825 437„
727 742 835 826 steph.
848 743 973 824 Byzant
987 753 1019 803 et
1034 743 1156 803 Suidam

198 877 225 915 v.
245 861 349 924 τένεδας
367 862 397 912 et
412 853 545 932 τενὶδιᾷς,
563 850 642 911 Plut.
663 849 701 910 de
726 847 846 930 Pythiis
872 869 968 921 omo„
993 850 1155 930 Diogenia-

198 981 272 1020 num
293 960 384 1030 VIII,
405 958 445 1019 58
466 957 547 1038 apud
567 956 642 1023 And.
664 955 824 1020 Schottum
845 957 924 1015 inter
938 954 1048 1036 adagia
1062 956 1154 1016 Grae-

199 1085 320 1136 corum,
340 1075 429 1145 atque
451 1061 600 1123 Heraclid.
621 1060 658 1120 de
679 1061 768 1124 Polit.
789 1082 816 1121 v.
842 1059 950 1119 Tened.

160 1168 281 1248 5Quia
307 1168 462 1234 Tenedum
490 1178 520 1230 et
549 1167 687 1248 Sipylum
715 1167 868 1244 Quintus,
897 1185 993 1246 quum
1024 1176 1102 1226 esset
1126 1167 1155 1229 in

199 1277 268 1334 Asia
289 1294 346 1356 pro
365 1285 519 1356 praetore,
539 1275 669 1340 triennio
690 1283 759 1332 ante
780 1283 905 1332 rexerat.
926 1270 1028 1352 Sipyli
1056 1284 1154 1332 autem

199 1380 288 1461 legati
308 1382 422 1462 potius,
442 1400 532 1465 quam
555 1378 685 1450 Tenedi,
706 1380 854 1456 Quintum
875 1379 907 1437 in
927 1389 1033 1441 senatu
1055 1377 1156 1438 lauda·

200 1496 275 1546 rant.
297 1486 455 1545 Manutius.

159 1591 250 1652 (isio
276 1591 426 1652 Viotorius
452 1591 622 1653 emendavit
638 1593 744 1670 lvarr.
771 1591 836 1652 lect.
863 1589 970 1662 XXX,
996 1593 1047 1669 1),
1074 1591 1154 1672 quod

202 1697 367 1757 Lambinus
388 1700 501 1778 recepit
521 1708 551 1757 et
572 1696 691 1756 Sohntz.
713 1697 815 1777 Vulgo
837 1695 875 1755 do
896 1709 922 1755 le
935 1697 1030 1775 magis
1049 1696 1090 1757 ab
1109 1697 1155 1768 S„

201 1806 248 1863 cui
269 1803 387 1864 lectioni
408 1805 514 1862 vitium
536 1812 615 1862 certe
637 1805 732 1863 inesse
753 1801 885 1864 indicant
906 1801 970 1862 Pal.
986 1813 1055 1862 tert.
1077 1803 1155 1885 apud

202 1910 288 1968 Grut.
304 1910 354 1988 qui
370 1920 434 1980 teo,
448 1920 478 1967 et
492 1909 585 1968 Land.
599 1912 650 1989 qui
664 1922 690 1967 te
700 1929 721 1968 a
732 1909 843 1989 legunt
859 1908 1048 1988 Magnetibus
1060 1910 1100 1968 ab
1112 1909 1154 1968 Si-

196 2015 273 2095 pylo
280 2060 290 2087 ‚
303 2014 390 2085 dixit,
403 2025 437 2073 ut
448 2016 670 2095 distinguantur
681 2014 720 2074 ab
733 2014 797 2074 aliIs
808 2013 1017 2094 Magnetibus,
1030 2026 1105 2096 puts
1118 2013 1153 2073 ad

201 2120 407 2180 Maeandmm.
417 2120 544 2180 Modum
555 2119 697 2200 loquendi
707 2120 866 2181 oonfirmat
873 2121 1029 2180 Ciceronis
1040 2142 1155 2192 numus,

200 2248 290 2307 quem
311 2238 341 2288 et
361 2226 493 2285 Clericus
514 2229 665 2298 meminit,
690 2230 721 2286 in
746 2248 808 2308 quo
832 2227 942 2308 legitur
962 2243 1153 2296 mmmm<

128 2360 130 2367 ·
163 2358 167 2363 ·
201 2347 271 2399 ΤΩΝ
288 2346 355 2396 Allo
372 2345 532 2411 ΣΙΠΥΛΟΥ,
552 2331 634 2413 apud
661 2332 823 2412 Myonnet,
850 2333 1008 2394 Medailles
1020 2334 1108 2416 gree.
1128 2346 1154 2394 et

198 2459 274 2498 rom.
287 2449 360 2498 tom.
371 2439 425 2510 IV,
444 2438 556 2517 Lydio,
576 2459 605 2503 n.
618 2437 690 2514 3853
704 2449 733 2498 et
747 2437 858 2510 Strabo
876 2439 969 2512 XIII,
990 2461 1022 2522 p.
1036 2439 1092 2523 891
1110 2441 1151 2502 ed.

199 2542 297 2602 Oxon.
324 2543 406 2624 1807.

159 2669 175 2727 7
197 2648 378 2708 Postulantis
399 2652 527 2732 aliquid,
549 2655 673 2733 opinor,
694 2674 750 2734 pso
771 2652 939 2735 publicanis
956 2654 1006 2732 (et
1019 2657 1084 2735 ipse
1098 2653 1152 2712 for·

197 2764 273 2814 tasse
292 2755 487 2837 publicanus)
510 2769 613 2821 contra
634 2761 795 2830 Asiaticos,
816 2759 899 2840 quod
923 2761 950 2818 ei
972 2760 1151 2819 oonoediius

196 2879 258 2919 non
278 2873 360 2921 esset
384 2863 458 2922 Nam
481 2868 558 2924 inter
578 2866 775 2945 provinciales
802 2876 833 2924 et
856 2864 1037 2946 publicanos
1063 2866 1149 2926 veeti-

196 2966 307 3044 galium
330 2989 419 3028 causa
438 2992 605 3050 numquam
625 2971 721 3032 defuit
742 2973 901 3032 contentio.
923 2971 1044 3031 Manui.

157 3070 177 3132 8
198 3073 291 3133 Laud.
312 3087 365 3134 aul
383 3076 416 3135 si.

136 3171 139 3174 ’
154 3198 175 3257 9
194 3177 302 3250 Forte,
322 3191 357 3242 ut
376 3197 565 3242 communem
586 3186 743 3265 utriusque
756 3205 820 3243 rem
835 3188 865 3243 in
877 3184 981 3264 aliqua
996 3205 1089 3244 eausa
1102 3183 1149 3243 de·

193 3283 334 3346 fenderet.
355 3288 470 3347 Manat.
491 3289 548 3348 Ed.
569 3292 641 3349 Min.
663 3311 756 3372 neque
776 3290 922 3369 Pompeio.

159 3406 194 3446 10
214 3389 292 3451 Edd.
313 3393 369 3451 Ro.
391 3395 463 3452 Min.
478 3395 561 3467 nidi,
575 3397 667 3457 Herv.
682 3398 768 3456 Grut.
784 3398 836 3456 lito
849 3409 933 3467 sunu
946 3397 1028 3457 vict.
1043 3397 1150 3457 nonita

191 3510 274 3567 santi
285 3510 448 3580 utrumque
460 3503 523 3561 sine
534 3501 627 3577 libris.
639 3503 805 3562 Lambinus
817 3502 1019 3563 confidentius
1034 3505 1076 3564 ita
1089 3512 1150 3561 sunt

192 3604 289 3662 mullis
316 3605 469 3665 luminibus
495 3608 600 3686 ingenii
624 3609 790 3668 illustrata:
815 3609 925 3668 inultae
948 3620 1048 3668 tantan
1067 3609 1149 3667 eiiam

189 3711 268 3767 artis.
289 3709 437 3791 Vulgatae
456 3712 589 3772 lectionis
610 3718 753 3774 sententia
775 3716 845 3774 satis
866 3725 974 3795 aperta
998 3725 1062 3774 est:
1090 3713 1147 3772 Lu-

190 3804 273 3877 cinti
294 3821 432 3896 poemata
452 3821 492 3878 ita
514 3830 596 3891 sunt,
618 3833 652 3880 ut
665 3832 697 3892 tu
711 3821 841 3894 iudicas,
862 3821 978 3897 seilicet
992 3822 1143 3901 ingenium

280 3954 290 4037 l
