2632 4852
531 335 567 381 rr
593 330 781 382 asrsronas
1086 309 1158 414 269

158 435 178 494 6
199 436 304 511 Quum
325 452 361 493 eo
385 431 453 504 die,
479 452 541 514 quo
567 453 688 498 oausam
714 433 772 493 dici
799 453 833 493 ex
860 431 957 494 edicto
981 445 1162 516 oporteret,

199 540 312 599 iudlces
332 558 386 610 eo,
406 559 467 619 quo
488 559 564 621 opus
589 550 669 612 erat,
688 558 815 599 numero
837 559 898 599 non
925 539 1095 613 affuissent,
1116 543 1160 602 ir·

200 649 257 705 rita
277 644 370 706 fiebat
389 647 552 719 accusetl03
572 658 607 705 ut
626 648 776 726 integrum
801 655 901 706 tamen
928 658 1024 718 esset,
1045 648 1069 706 si
1090 649 1159 728 quis

168 791 169 794 η
198 760 435 832 eampraeterea
450 750 540 812 vellet
554 753 722 811 instituere:
744 751 826 832 quod
840 753 871 810 in
885 750 941 810 bac
958 751 1049 812 Caelii
1070 774 1160 814 causa

197 859 283 916 timet
311 857 433 930 Cicero,
453 877 547 938 quum
572 859 627 916 ait:
645 858 771 929 Vereor,
792 877 827 917 aa
840 858 924 917 homo
940 869 1051 921 tereret
1061 857 1159 938 ferus,

199 963 276 1022 Pola
298 963 427 1034 Servius,
446 961 489 1023 ad
507 961 708 1023 accusandum
729 964 831 1023 reniet.
846 966 944 1044 Atque
964 965 1055 1024 etiam
1068 984 1157 1024 reno·

199 1080 298 1128 vatam
313 1089 376 1130 esse
388 1071 605 1130 accusationem
628 1069 667 1129 M.
681 1068 788 1139 Caelii,
802 1071 866 1150 ipsa
888 1069 1021 1129 declarat
1035 1068 1157 1131 Cicero-

198 1178 244 1235 nls
266 1177 379 1248 oratio,
399 1178 485 1236 initio
507 1177 616 1236 mensis
637 1174 747 1256 Aprilis
773 1173 895 1246 habita,
914 1174 992 1236 ludis
1018 1173 1159 1257 festisque

196 1280 346 1363 publicis,
366 1283 435 1341 satis
456 1282 548 1362 longo
567 1291 638 1362 post
651 1280 722 1340 Idus
736 1279 933 1352 Februarias,
954 1283 1005 1360 qui
1021 1279 1157 1343 decimus
1265 1275 1268 1290 ’

168 1417 169 1420 ¹
197 1396 262 1446 erat
283 1385 384 1453 Caelio
404 1386 482 1460 dios,
502 1387 668 1452 intervallo,
692 1386 808 1447 Manat.
830 1385 917 1450 Amb.
938 1384 972 1446 16
986 1385 1094 1446 iudices
1115 1384 1158 1448 od

203 1512 363 1553 numeram.
383 1535 386 1542 ·
785 1549 786 1553 ,

159 1620 176 1676 7
199 1599 311 1679 Nempe
332 1589 528 1679 legationibus
549 1601 636 1681 Tyro
657 1601 823 1671 missis,ut
843 1599 880 1660 de
901 1599 1069 1682 publicanis
1083 1620 1156 1681 que·

198 1715 352 1764 rerentur.⁴
366 1705 482 1766 Manat.
503 1705 713 1778 nmb.16,ed.
735 1706 808 1766 Min.
830 1706 936 1785 Syriis3
957 1726 1060 1766 errore
1081 1725 1156 1787 ope-

197 1831 309 1871 rarum.
330 1811 463 1889 Synaos,
483 1832 591 1893 nempe
611 1813 714 1893 Tyrus
734 1815 907 1894 provinciae
935 1814 1042 1893 Syriae
1068 1813 1155 1872 attri-

179 1935 182 1940 ·
199 1915 273 1975 buta
287 1926 359 1976 crat.
378 1917 516 1978 Vexatus
531 1917 688 1991 Gabinius,
709 1921 760 1999 qui
776 1918 895 1998 Syriam
916 1915 1153 1977 administrabat.

159 2023 179 2082 8
200 2021 344 2094 Consule,
372 2026 422 2103 qai
450 2044 518 2083 curn
540 2023 635 2084 altero
655 2025 805 2094 Domitio,
828 2022 925 2083 Cnaeo
945 2024 1157 2107 praenomine,

197 2128 353 2208 praetore,
373 2150 442 2189 non·
454 2141 498 2190 est
516 2128 765 2190 confundendus..
779 2129 853 2189 Tum
873 2149 934 2188 non
949 2141 1044 2190 mosen
1059 2128 1084 2187 F
1086 2123 1152 2189 aiir·

197 2255 253 2292 nus
275 2233 404 2294 volebat

156 2361 177 2419 9
199 2338 330 2400 Honoris
346 2357 449 2411 causa,
471 2361 566 2429 quam
579 2361 596 2402 e
610 2342 766 2428 provincia
787 2337 968 2419 (Gabinius)
988 2337 1153 2402 decederet.

202 2442 334 2505 listinae.

160 2562 199 2610 ‘ro
220 2550 361 2624 Lucium,
379 2572 445 2612 non·
464 2553 512 2624 0.,
532 2556 583 2634 qui
604 2556 743 2636 princeps
764 2554 907 2634 equestris
934 2551 1046 2613 ordinis
1072 2560 1152 2622 erat,

195 2666 225 2714 et
253 2656 390 2717 Ciceroni
418 2661 604 2732 notissimus,
632 2657 827 2741 intelligebat,
845 2658 1014 2733 Manutius3
1041 2658 1156 2738 recepit

196 2760 317 2822 Schuu.
423 2782 426 2811 1

159 2887 189 2926 rr
215 2867 308 2927 Reos:
331 2889 406 2949 quos
426 2872 451 2930 si
475 2869 676 2944 absolvimus,
703 2871 776 2952 quid
801 2870 1035 2953 reprehenditis,
1055 2888 1151 2950 quum

192 2974 314 3033 eosdem
336 2995 389 3034 vos
410 2975 553 3037 laudetisi
574 2978 640 3038 Mos
661 2989 740 3049 erat,
759 2988 794 3038 ut
819 2979 997 3037 auctoritate
1021 2973 1153 3057 praediti

192 3081 250 3138 viri
270 3101 339 3141 reos
360 3083 390 3141 in
410 3082 537 3156 iudicio,
557 3095 719 3165 antequam
734 3086 894 3144 sententiae
907 3082 1071 3151 ferrentur,
1086 3079 1150 3139 lau·
1239 3087 1245 3095 ‘

190 3177 307 3246 darent.
328 3184 413 3247 Pleni
433 3190 639 3272 exemplorum
661 3189 739 3249 libri.
760 3189 877 3249 Manat.
898 3186 1014 3248 Iudicia
1033 3186 1151 3248 Romae

189 3301 257 3350 tum
278 3296 423 3374 temporis
443 3295 620 3357 exercebant
647 3308 815 3368 senatores,
833 3296 964 3376 equites,
986 3303 1016 3351 et
1036 3289 1153 3350 tribuni

190 3400 321 3472 aerarii,
342 3419 388 3480 ep.
408 3401 500 3474 XXI,
520 3423 547 3461 2.
569 3403 700 3464 Adnotat
721 3402 868 3462 Gruterus
889 3399 1092 3460 Wouverium
1113 3416 1149 3457 ex

191 3505 293 3564 nescio
314 3525 375 3585 quo
396 3506 461 3567 cod.
482 3509 672 3591 adscripsisse
698 3530 770 3571 orae
797 3529 846 3570 vos
872 3503 1035 3577 colluditis,
1055 3504 1148 3585 idque

190 3629 253 3667 non
272 3608 411 3691 displicet
432 3609 576 3675 oliveto(

155 3732 189 3771 η
210 3714 305 3774 Laud.
325 3729 423 3776 aetum
443 3741 477 3779 eo
498 3720 527 3781 d.
548 3744 576 3785 n.
836 3780 838 3786 .

154 3818 187 3885 13
210 3817 418 3884 Comitialibus
439 3825 543 3885 diebus
565 3827 670 3888 haberi
690 3840 806 3892 senatus
828 3827 873 3891 lex
894 3826 993 3908 Pupia
1010 3821 1150 3894 vetabat,

192 3933 228 3990 ut
249 3945 284 3993 ex
305 3926 363 3989 boc
384 3930 450 3997 loco
472 3933 629 4015 colligitur.
687 3967 689 3970 ⁴
