2632 4852
182 338 247 385 122
498 333 667 384 rrrsrom
692 336 835 384 cxrvrrr.
953 338 1031 388 av.
1051 341 1146 401 c.o99

175 437 287 527 disse)
326 458 449 534 magna
486 435 581 508 illius
614 436 917 510 commendatione
944 454 1169 539 susceptam,

174 561 314 636 defendi
332 576 378 612 ¹¹²
402 563 440 634 in
464 575 602 662 senatu,
627 565 717 635 sicut
741 589 818 635 mea
844 563 929 636 fides
952 565 1165 664 postulabat.

222 717 243 790 7
268 688 444 788 Accepisti
455 745 466 786 ,
491 688 615 790 quibus
640 688 743 762 rebus
769 688 964 789 adductus,
989 717 1167 794 quamque

172 841 245 888 rem
278 839 485 917 causamque
518 812 752 913 defenderim,
785 815 914 916 quique
944 841 1043 890 meus
1067 818 1107 891 in
1131 844 1168 891 re

170 939 311 1040 publica
335 941 381 1013 sit
405 965 471 1039 pro
495 965 573 1012 mea
598 953 697 1040 parte
723 939 936 1039 capessenda
961 955 1082 1015 status.
1113 945 1166 1015 Dc

169 1092 241 1167 quo
266 1066 316 1138 sic
341 1063 446 1138 velim
471 1079 617 1164 statuas,
640 1091 696 1138 me
721 1064 808 1137 haec
832 1065 957 1138 eadem
981 1051 1163 1140 sensurum

76 1190 83 1205 ’
168 1191 294 1291 fuisse,
326 1193 356 1265 si
387 1191 471 1263 mihi
503 1191 636 1289 integra
667 1191 784 1263 omnia
810 1216 850 1263 ac
875 1190 984 1264 libera
1009 1192 1164 1266 fuissent.

168 1318 260 1392 Nam
284 1343 397 1419 neque
421 1314 648 1416 pugnandum
681 1314 867 1390 arbitrarer
899 1331 1023 1391 contra
1049 1332 1165 1392 tantas

168 1469 272 1544 opes,
303 1469 416 1545 neque
451 1441 654 1551 delendum,
686 1428 823 1515 etiarnsi
854 1442 892 1515 id
923 1443 998 1515 fieri
1023 1450 1164 1542 posset,

167 1595 383 1665 summorum
409 1545 537 1641 civium
561 1569 812 1669 principatum,
829 1594 942 1670 neque
960 1595 1164 1671 permanen·

168 1695 252 1767 dum
277 1697 315 1768 in
339 1721 407 1768 una
433 1695 622 1794 sententia,
652 1695 828 1767 conversis
854 1694 957 1767 rebus
983 1720 1025 1767 ac
1049 1694 1162 1768 bono·

166 1846 245 1894 rum
275 1819 514 1894 voluntatibus
546 1821 737 1892 immutatis
758 1821 821 1917 ¹¹³5
853 1819 916 1893 sed
945 1821 1161 1921 temporibus

165 1943 433 2019 assentiendum.
472 1944 672 2045 Numquam
704 1946 797 2019 enim
833 1945 1093 2046 praestantibus
1125 1947 1161 2018 in

165 2070 368 2173 republica
403 2070 628 2169 gubernanda
660 2069 743 2143 viris
774 2069 913 2142 laudata
946 2084 1000 2144 est
1028 2071 1067 2143 in
1092 2097 1160 2144 una

88 2192 90 2198 ⁴
163 2198 335 2271 sententia
360 2209 530 2298 perpetua
561 2196 781 2296 permansio:
818 2195 897 2295 sed,
928 2197 1034 2269 utin
1059 2199 1160 2273 navi-

161 2323 281 2425 gando
302 2323 348 2390 ῃ4
381 2323 582 2423 tempestati
618 2321 764 2423 obsequi
803 2322 885 2394 artis
917 2335 991 2420 est,
1025 2323 1158 2396 etiamsi

161 2463 306 2549 portum
330 2462 448 2538 tenere
480 2472 554 2521 non
587 2474 692 2549 queas
699 2475 709 2548 3
740 2473 847 2547 quum
873 2448 1021 2521 veroid
1045 2450 1157 2550 possis

74 2604 78 2614 ·
128 2604 130 2611 ’
162 2587 296 2646 mutata
323 2573 553 2646 velificatione
577 2574 731 2676 assequi,
756 2571 902 2646 stultum
926 2585 980 2676 est
1005 2599 1087 2646 eum
1113 2589 1157 2648 te

160 2723 244 2771 nere
269 2725 348 2772 cum
373 2698 528 2799 periculo
555 2725 711 2797 cursum,
736 2725 839 2799 quern
865 2700 1017 2799 ceperis,
1040 2702 1156 2799 potius

162 2850 284 2926 quam,
309 2849 351 2896 eo
377 2838 614 2924 commutato,
639 2850 709 2926 quo
735 2824 839 2923 velis,
864 2824 1008 2898 tandem
1032 2851 1155 2926 perve·
1186 2848 1189 2856 ’

154 2951 251 3024 mire:
276 2952 344 3051 sic,
369 2979 476 3054 quum
501 2952 662 3026 omnibus
686 2951 789 3024 nobis
813 2951 850 3023 in
880 2949 1152 3025 administranda

160 3102 198 3150 re
220 3077 361 3178 publica
388 3081 609 3181 propositum
633 3104 707 3152 esse
734 3076 859 3150 debeat
876 3076 931 3175 id,
948 3077 1047 3177 quod
1065 3104 1085 3151 a
1101 3101 1152 3150 mc

158 3205 358 3304 saepissime
384 3204 516 3279 dictum
543 3218 611 3304 est,
637 3230 716 3277 cum
742 3203 909 3302 dignitate
935 3204 1069 3306 otium,
1085 3229 1150 3276 non

158 3328 252 3402 idem
277 3357 415 3433 semper
448 3331 562 3407 dicere
573 3388 584 3431 ,
616 3332 678 3406 sed
710 3330 804 3404 idem
832 3357 971 3432 semper
996 3323 1149 3438 spectare

160 3454 336 3530 debemus.
363 3458 622 3556 Quamobrem,
656 3472 696 3530 ut
728 3457 846 3558 paullo
875 3471 956 3530 ante
981 3458 1104 3558 posui,
1124 3454 1149 3526 si

95 3650 98 3659 .
160 3597 276 3655 essent
300 3586 416 3658 omnia
442 3585 526 3657 mihi
552 3584 781 3682 solutissima,
813 3598 932 3659 tamen
962 3572 1065 3659 inre
1089 3609 1146 3682 pu·

159 3704 250 3780 blica
274 3735 346 3783 non
373 3711 458 3784 alius
493 3738 623 3810 essem,
657 3726 760 3814 atque
793 3736 887 3783 nunc
912 3736 999 3782 sum.
1036 3711 1143 3802 Quum

162 3857 246 3905 vero
270 3835 304 3907 in
331 3836 424 3911 hunc
450 3848 588 3911 sensum
613 3853 648 3911 et
673 3839 802 3912 alliciar
835 3837 1014 3910 beneficiis
1040 3833 1140 3910 homi·
