2632 4852
526 343 562 389 111
589 337 781 388 nrrsroats
1082 317 1152 391 265

189 445 293 527 pclare
315 455 410 522 togam
429 452 489 513 est,
510 453 543 501 ut
563 442 700 524 explanat
720 441 893 511 Emesam,
913 451 1024 501 cretam
1041 441 1153 504 addere

192 552 223 610 in
244 560 372 620 vestem,
393 558 427 608 ut
446 546 600 608 candidior
621 550 671 608 sit:
693 565 764 628 crgo
785 557 820 605 ut
840 545 939 606 honor
960 557 1107 628 augeatur
1134 570 1152 608 e

194 658 371 738 repetitione
384 653 504 716 decreti.
519 653 570 713 Sic
584 654 699 714 tubulus
712 654 904 735 interpolare,
916 654 1060 712 nimirum
1074 675 1150 715 cera.

157 762 192 823 13
213 764 354 843 Ignotum
374 777 499 835 nomen3
519 759 571 821 sed
590 770 621 820 et
641 758 710 820 iibri
731 762 862 821 variant:
878 761 1064 840 Buscycum,
1083 760 1147 820 Bu-

193 885 327 940 ocenum,
340 867 540 927 namneum
547 910 557 939 ,
570 865 653 946 quod
666 864 831 926 Lambinus
844 868 1004 947 expressit,
1024 876 1054 925 et
1071 866 1151 948 apud

194 975 345 1035 Gratuita
367 974 514 1046 Rhenum,
535 973 716 1033 Bustlrenum
732 981 762 1032 et
776 972 950 1032 Burrenum.
965 971 1021 1033 Ed.
1034 972 1089 1033 Ro.
1103 976 1154 1056 qui

195 1082 246 1141 vix
266 1080 399 1138 Rhenum
416 1101 448 1159 p.
465 1077 552 1140 modo
562 1077 714 1161 fttnebatin

162 1183 378 1261 14111111111111
399 1197 497 1246 totum.
517 1185 592 1245 Mox
611 1185 817 1266 amplexatur,
841 1205 879 1246 ne
905 1183 1022 1267 reliqua
1047 1183 1153 1246 eodem

194 1290 301 1363 modo,
322 1293 384 1373 quo
406 1292 576 1373 superiora,
596 1289 762 1351 discutiam.
1017 1318 1031 1347 ο
1086 1316 1100 1343 ·,

160 1397 197 1458 15
216 1398 321 1475 Quum
334 1394 505 1478 hospitibus
517 1399 607 1468 meis,
622 1397 743 1457 Graecis
757 1395 946 1468 hominibus,
967 1395 1150 1458 interceden-

193 1503 274 1564 tibus
293 1505 324 1562 in
345 1504 473 1584 gratiam
493 1523 562 1564 cum
583 1522 620 1564 eo
640 1501 789 1564 redierim.
810 1502 927 1565 Manut.

158 1608 195 1670 16
216 1611 321 1690 ignota
341 1629 396 1670 res.

159 1736 201 1795 17·
213 1715 307 1775 Forte
327 1716 474 1793 Quintus,
494 1724 529 1776 ut
549 1716 625 1777 inter
645 1714 758 1798 legatos
780 1713 916 1777 Caesaris
936 1724 1012 1776 esset
1031 1715 1063 1776 in
1077 1711 1151 1775 Gal-

193 1820 248 1892 lia,
268 1831 434 1902 rogaverat.
743 1856 745 1864 ι

159 1925 195 1987 18
215 1925 323 1987 Ambb.
350 1925 402 1998 16,
426 1948 477 2008 17,
497 1927 542 1988 ed.
562 1928 619 1989 Ro.
639 1928 718 1991 Vict.
740 1942 766 1990 te
786 1928 875 1990 video.

160 2054 197 2115 19
216 2031 320 2095 Verba
331 2031 375 2093 ad
390 2032 544 2094 Caesarem
558 2035 658 2095 omisit
671 2034 845 2094 Lambinus.
859 2032 975 2094 Eodem
989 2033 1039 2094 illo
1053 2051 1154 2095 ercem-

192 2138 262 2220 plo,
282 2158 343 2219 quo
363 2159 434 2200 usus
454 2161 520 2200 anm
543 2142 572 2200 in
594 2139 752 2202 scribendo
773 2141 961 2222 superiorem
980 2138 1152 2221 epistolam,

194 2266 288 2326 quam
307 2266 376 2306 cum
401 2246 465 2308 aliia
491 2268 570 2329 aqua
599 2247 751 2308 madidam
779 2247 887 2308 Caesar
918 2247 1040 2329 accepit.
1069 2229 1151 2306 ltalia

197 2350 331 2413 un’altra
351 2352 443 2434 copta.

155 2477 194 2518 ao
214 2457 315 2519 Minus
335 2469 414 2520 recte
433 2458 542 2521 Ambb.
558 2459 609 2534 16,
633 2481 677 2541 17,
697 2461 793 2524 Laud.
813 2471 844 2522 et
863 2460 931 2521 edd.
945 2470 1032 2534 vett,
1046 2460 1151 2521 lensc-

157 2612 160 2617 .
195 2565 285 2624 niana
301 2577 440 2647 ‘exceptam
460 2566 565 2627 locum.

154 2691 188 2732 ar
214 2673 301 2732 locus
321 2674 388 2732 ioco
408 2672 533 2734 relatus.
549 2673 580 2733 Si
601 2686 652 2746 tu,
671 2675 784 2754 inquit,
805 2693 890 2755 eges,
909 2665 1039 2736 noanon
1052 2673 1151 2735 abun-

159 2802 163 2810 ·
196 2776 312 2839 damus.
333 2779 438 2861 ltaque
458 2801 544 2841 arcae
563 2791 683 2842 nostrae
703 2781 765 2841 noli
788 2780 949 2842 confidere.
969 2782 1046 2842 Nam
1061 2784 1085 2842 si
1098 2780 1152 2842 de-

194 2886 323 2958 coxeris,
343 2905 399 2967 ego
419 2896 450 2947 te
469 2889 542 2947 meis
562 2890 693 2947 nummis
713 2897 767 2947 tuo
788 2908 857 2949 aere
871 2887 969 2948 alieno
982 2908 1045 2948 non
1059 2908 1150 2969 expe-

194 2988 285 3050 diam.
307 2991 347 3052 Et
367 3004 411 3053 est
429 2991 479 3052 bic
499 2994 671 3056 conturbare
691 3014 748 3076 pro
775 2993 943 3074 decoquere.
972 2991 1050 3054 Edd.
1076 2994 1152 3054 lens.

195 3099 270 3158 Min.
291 3098 359 3160 aldi
379 3103 450 3162 artis
469 3112 591 3162 nostrae.

157 3223 197 3264 aa
218 3202 312 3265 abest
330 3205 569 3289 provocabulum
589 3220 618 3266 et
631 3207 671 3268 ab
685 3207 773 3269 Amb.
788 3209 841 3282 16,
853 3209 948 3271 Laud.
959 3219 989 3271 et
1003 3209 1048 3271 ed.
1062 3209 1150 3272 Rom.

194 3309 374 3390 Iungentur,
392 3312 423 3373 b.
444 3335 469 3375 e.
489 3324 555 3376 turn
576 3315 708 3377 redditae
730 3328 832 3391 erunt,
853 3338 948 3398 quum
963 3338 998 3378 ex
1012 3315 1150 3377 Sardinia

155 3457 158 3463 -
193 3414 326 3476 redieris.
363 3493 368 3504 ‚
820 3474 822 3478 ,

153 3521 193 3580 13
215 3521 308 3599 Quod
328 3524 359 3583 in
379 3523 472 3586 domo
492 3529 637 3601 consulis,
660 3551 722 3610 quo
748 3529 895 3590 salutandi
922 3550 957 3590 ae
984 3517 1150 3590 deducebdi

194 3648 285 3688 causa
294 3650 386 3711 quam
397 3632 519 3714 plurimi
530 3637 737 3708 convenirent,
752 3638 903 3697 caminum
914 3657 977 3698 esse
988 3647 1150 3718 oporteret,

195 3737 345 3798 saeviente
365 3737 492 3819 liigore,
511 3740 788 3804 luculentissimum.
815 3743 932 3806 Manut.
954 3741 985 3802 si
1007 3753 1151 3828 εἰρωνικῶς

195 3840 309 3904 dictum
330 3847 455 3928 accipis,
474 3849 606 3922 mordet,
627 3850 732 3926 credo,
752 3852 910 3916 avaritiam
930 3851 1029 3936 Appii.
