2632 4852
176 333 242 405 188
507 346 677 397 errsrott
701 346 824 397 cuvur.
943 347 973 395 s.
993 349 1029 396 v.
1047 351 1076 396 c.
1093 348 1141 409 699

264 553 318 605 Ser.
337 552 431 604 Romae
448 549 478 604 Δ.
497 549 530 602 V.
548 547 577 601 C.
596 547 737 616 nexem,
754 559 841 600 mense
858 546 925 620 Npr.
943 555 1067 603 exeunte.
1163 511 1164 514 Ἴ

442 746 600 814 umcvs
626 748 663 828 Q.
687 746 830 812 inurar
854 746 885 811 s

218 968 234 1029 Δι
264 954 439 1056 Superiori
463 949 630 1055 epistolae
662 932 759 1054 quod
789 947 1042 1055 respondeam,
1076 950 1160 1030 nibil

166 1097 235 1181 est;
260 1107 348 1184 quae
372 1081 475 1182 plena
500 1079 672 1154 stomachi
696 1093 732 1152 et
758 1077 979 1180 querelarum
1000 1096 1075 1155 est:
1093 1109 1160 1184 quo

165 1209 203 1308 in
234 1234 358 1307 genere
390 1206 533 1281 alteram
562 1231 700 1307 quoque
735 1218 771 1278 te
804 1204 927 1278 scribis
959 1205 1076 1306 pridie
1099 1211 1161 1280 La-

163 1333 269 1407 bieno
302 1332 453 1433 dedisse,
485 1333 546 1434 qui
577 1330 691 1404 adhuc
723 1355 798 1403 non
831 1344 984 1404 venerat.
1024 1331 1161 1405 Delevit

164 1460 289 1532 enim¹
315 1457 401 1530 mihi
425 1482 565 1532 omnem
581 1455 777 1531 molestiam
801 1457 979 1530 recentior
1003 1456 1157 1558 epistola.

163 1583 319 1659 Tantum
343 1597 378 1657 te
403 1598 439 1657 et
462 1608 590 1657 moneo
616 1596 652 1657 et
676 1558 782 1682 rogo,
812 1595 852 1655 ut
882 1583 1020 1676 inistis
1052 1576 1162 1656 mole-⁴

165 1712 240 1784 stiis
266 1724 303 1783 et
326 1697 503 1783 laboribus
528 1723 565 1782 et
589 1707 801 1782 desideriis²
825 1707 1030 1808 recordere,
1050 1710 1159 1802 ,oonsi-

166 1835 252 1908 lium
276 1850 435 1909 nostrum
461 1834 558 1936 quod
581 1834 683 1908 fuerit
714 1834 940 1934 profectionis
965 1846 1057 1907 tuae.
1082 1836 1159 1910 Non

163 1962 257 2033 enim
290 1959 476 2035 commoda
509 1958 681 2062 quaedam
713 1957 944 2060 sequebamur
976 1985 1087 2061 parva
1107 1986 1156 2032 ,ac

161 2085 361 2160 mediocria.
387 2085 484 2180 Quid
508 2086 602 2158 enim
627 2099 719 2185 erat,
752 2084 849 2186 quod
882 2083 1069 2158 discessu³
1092 2109 1156 2158 no·

40 2272 45 2277 .
160 2225 235 2284 stro
248 2190 435 2285 emendum
447 2211 671 2313 putaremus?
688 2209 905 2284 Praesidium
922 2210 1164 2300 firmissimum,

159 2337 365 2437 petebamus
391 2364 434 2410 ex
450 2338 574 2438 optimi
601 2350 636 2409 et
652 2336 887 2436 potentissimi
903 2335 1000 2416 viril
1016 2336 1156 2411 benivo-

140 2444 266 2534 lentia
292 2462 338 2535 ad
362 2488 502 2536 omrrem
519 2461 659 2536 'statum
674 2475 814 2535 nostrae
841 2461 1029 2560 dignitatis.
1055 2446 1155 2544 Plufa

159 2600 339 2686 ponuntur
366 2590 403 2660 in
429 2615 507 2688 spe,
532 2614 637 2690 quam
662 2589 700 2660 in
724 2589 881 2689 pecuariis
899 2588 928 2660 ⁵:
954 2587 1089 2690 reliqua
1113 2559 1155 2661 ad

158 2713 328 2786 iacturam
346 2727 522 2788 struantur
538 2717 564 2787 ⁶.
590 2716 707 2806 Quare
732 2715 761 2786 si
787 2713 909 2787 crebro
934 2714 1063 2787 reseres
1089 2714 1153 2787 ani-

158 2864 255 2911 mum
271 2853 370 2912 tuum
387 2839 433 2913 ad
449 2843 621 2915 rationem
637 2854 673 2912 et
689 2840 817 2913 veteris
836 2838 971 2912 consilii
987 2841 1101 2913 nostri
1120 2852 1154 2910 et

158 2966 251 3066 spei,
275 2965 407 3041 facilius
432 2968 518 3041 istos
534 2965 678 3040 militiae
693 2960 830 3039 labores
847 2979 1052 3066 ceteraque,
1070 2991 1152 3067 quae

157 3104 192 3163 te
210 3091 408 3192 offendunt,
433 3093 536 3167 feres:
561 3108 598 3166 et
623 3108 759 3191 tamen,
783 3117 889 3193 quum
909 3091 1026 3190 voles,
1051 3091 1151 3191 depo

117 3222 119 3231 ’
155 3241 228 3289 nes.
254 3217 323 3291 Sed
348 3220 420 3293 eius
452 3221 503 3294 rei
535 3221 715 3293 maturitas
749 3217 950 3319 nequedum
982 3219 1096 3316 venit,
1117 3228 1152 3286 et

47 3376 56 3390 f
112 3421 114 3425 v
157 3354 275 3415 tamen
299 3343 369 3417 iam
394 3347 662 3447 appropinquat.

208 3495 229 3540 2
258 3470 376 3544 Etiam
394 3470 488 3544 'illud
512 3486 546 3545 te
571 3472 762 3570 admoneo,
785 3496 829 3542 ne
848 3469 934 3571 quid
950 3468 1030 3542 ullis
1046 3467 1149 3542 literis

159 3595 375 3695 committas,
400 3598 497 3699 qnod
526 3600 556 3671 si
584 3599 761 3698 prolatum
788 3597 855 3697 sit,
885 3595 1036 3671 moleste
1067 3595 1148 3668 fera·

156 3743 244 3790 mus.
271 3721 382 3795 Multa
411 3737 509 3821 sunt,
542 3752 630 3826 quae
655 3752 720 3824 ego
752 3725 884 3798 nescire
909 3718 1024 3823 malo,
1050 3744 1145 3824 quam

155 3869 234 3915 oum
260 3846 375 3948 aliquo
401 3851 556 3950 periculo
582 3854 655 3925 fieri
682 3853 815 3927 certior.
841 3850 946 3924 Plura
974 3850 1021 3926 ad
1039 3865 1073 3923 te
1089 3872 1144 3923 va·
