2632 4852
258 294 329 387 248
560 308 729 358 nersrons
755 309 922 357 ccxxviii.
1031 307 1063 356 a,
1080 311 1114 358 v.
1131 312 1161 359 c.
1180 327 1226 374 700

256 431 373 489 tecum
397 413 553 486 conferre
577 437 775 510 possemus,
791 435 865 483 non
883 408 1099 485 haberemus.
1122 413 1246 504 Quan-

256 540 399 638 obrem,
430 539 460 611 si
491 563 547 609 me
578 562 786 634 memorem,
818 537 1030 638 signatum,
1062 537 1245 612 sibonum

255 666 384 763 virum,
416 663 473 738 vel
504 688 547 735 ex
578 663 647 736 hoc
677 663 775 762 ipso,
806 661 903 764 quod
927 675 1002 736 tam
1024 661 1247 736 vehementer

256 790 300 864 de
324 790 454 864 Milone
478 788 635 862 lahorem
647 804 689 886 ²⁷,
705 788 901 861 existimare
921 801 1024 888 potes
1030 815 1041 888 3
1059 789 1088 862 si
1107 772 1246 887 digriurn

257 915 405 1017 denique
431 915 499 986 tuis
523 913 700 986 beneficiis
724 910 874 985 iudicas:
898 911 968 986 lroc
994 940 1015 986 a
1038 927 1074 986 te
1092 927 1195 1014 pct0,
1210 927 1247 985 nt

255 1040 441 1114 subvenias
465 1039 548 1112 huic
572 1065 671 1111 meae
695 1036 925 1137 solicitudini,
949 1052 986 1111 et
1008 1038 1136 1112 hui0²⁸
1152 1065 1247 1112 meae

256 1165 372 1267 laudi,
403 1164 480 1263 vel,
511 1178 552 1236 ut
583 1165 696 1238 verius
723 1162 858 1263 dicam,
883 1188 996 1265 prope
1020 1163 1126 1237 saluti
1152 1178 1247 1236 tuum

255 1291 412 1366 studium
443 1291 545 1363 dices.
578 1291 632 1364 De
662 1290 740 1390 ipso
765 1290 808 1362 T.
831 1289 948 1363 Annio
966 1305 998 1357 ²9
1023 1302 1163 1363 tantum
1187 1288 1248 1362 tibi

254 1415 448 1519 polliceor,
471 1429 506 1488 te
531 1416 671 1489 maioris
696 1414 823 1514 animi,
856 1415 1059 1515 gravitatis,
1086 1429 1247 1489 constan-

256 1543 349 1643 tiae,
371 1541 697 1642 benivolentiaeque
722 1567 802 1640 erga
827 1555 885 1640 te,
917 1542 947 1614 si
972 1541 1163 1642 complecti
1187 1539 1247 1613 lio·

255 1668 387 1741 minem
411 1665 583 1765 volueris,
617 1665 819 1740 habiturum
851 1692 926 1740 esse
950 1667 1139 1740 neminem.
1163 1664 1248 1738 Mihi

130 1808 133 1813 “
256 1816 341 1867 vero
366 1806 504 1865 tantum
528 1791 684 1890 decoris,
715 1806 852 1865 tantum
881 1792 1059 1892 dignitatis
1085 1792 1249 1865 adiunxe-

256 1918 323 2018 ris,
337 1931 378 1990 ut
402 1918 563 1991 eumdem
589 1932 624 1991 te
648 1918 748 1992 facile
768 1944 954 2019 agnoscam
972 1917 1077 1992 luisse
1094 1919 1135 1991 in
1149 1917 1249 1991 laude

255 2069 334 2116 mea
352 2045 394 2143 ³⁰,
427 2045 487 2145 qui
518 2044 621 2117 lucris
653 2046 690 2117 in
722 2044 840 2118 salute.
876 2046 976 2145 Ego,
1007 2045 1046 2117 ni
1070 2057 1108 2118 tc
1134 2043 1250 2118 videre

257 2170 399 2270 scirem,
424 2195 531 2272 quum
556 2169 642 2244 haec
668 2169 715 2244 ad
738 2184 774 2243 te
790 2173 821 2222 ³¹
847 2170 1057 2270 scriberem,
1082 2183 1250 2272 quantum

256 2295 362 2369 officii
387 2298 614 2397 sustinerem,
650 2311 866 2398 quantopere
894 2296 981 2370 milii
1005 2309 1099 2370 esset
1125 2298 1164 2369 in
1187 2295 1251 2369 hac

256 2422 427 2521 petitione
459 2423 600 2496 Milonis
635 2425 732 2497 omni
763 2450 836 2497 non
867 2400 975 2497 moilo
1001 2423 1250 2520 contentione,

256 2545 321 2619 sed
345 2549 450 2620 etiam
475 2547 698 2623 dimicatione
711 2555 741 2602 ³²
760 2547 1027 2648 elaborandum,
1044 2548 1148 2649 plura
1173 2549 1249 2623 scn'-

256 2669 384 2744 berem.
408 2673 511 2747 Nunc
536 2674 600 2747 tibi
625 2700 765 2748 omnem
789 2702 864 2749 rem
880 2689 984 2777 atque
1001 2702 1163 2774 causam,
1180 2701 1250 2750 me-

257 2822 325 2896 que
356 2810 471 2872 totum
509 2800 718 2873 commendo
751 2814 856 2902 atque
890 2800 997 2875 trado.
1027 2801 1153 2894 Vnum
1184 2801 1248 2874 hoc

256 2922 306 2994 sic
330 2921 480 2997 habeto:
512 2927 542 2999 si
575 2953 595 3000 a
626 2940 661 2998 tc
692 2925 784 3000 lianc
814 2953 890 3000 rem
918 2929 1113 3028 impetraro
1130 2929 1173 3029 ³³,
1196 2949 1248 2998 me

256 3073 368 3147 paene
400 3049 479 3149 plus
511 3050 600 3150 tibi,
636 3078 741 3152 quam
776 3053 844 3153 ipsi
881 3051 1004 3125 Miloni
1042 3050 1246 3127 debiturum.

256 3172 338 3246 Non
370 3177 463 3248 enim
494 3177 580 3250 mihi
612 3192 686 3251 tam
719 3205 799 3252 mea
831 3179 923 3253 salus
940 3156 972 3245 ³4
998 3206 1077 3253 cara
1104 3181 1190 3279 suit,
1213 3180 1247 3250 in

256 3324 324 3397 qua
349 3302 536 3402 praecipue
560 3330 638 3379 sum
663 3303 707 3377 ab
733 3304 794 3379 illo
820 3305 976 3405 adiutus,
1008 3333 1117 3407 quam
1141 3309 1246 3410 pietas

255 3425 322 3496 erit
358 3426 395 3498 in
432 3426 612 3503 reserenda
649 3433 779 3531 gratia,
814 3431 976 3506 iucunda.
1007 3435 1101 3506 Eam
1135 3448 1245 3507 autem

256 3542 358 3622 nnius
382 3553 434 3627 tui
458 3554 575 3632 studio
599 3583 655 3631 me
681 3560 819 3662 assequi
843 3544 948 3662 posse
974 3559 1128 3637 confido.
1153 3546 1242 3637 Vale
