2632 4852
163 331 212 404 86
496 348 666 397 urrsronr
692 347 806 398 exuri.
941 348 972 398 Α.
986 350 1023 399 v.
1041 352 1070 398 c.
1088 351 1137 413 699

162 471 198 529 et
214 454 348 552 Salvio,
363 467 401 524 et
416 450 574 525 Labeoni
591 451 820 526 reservabam
842 450 963 526 Labeo
980 467 1044 524 aut
1061 454 1160 526 tarde

160 581 417 682 proficiscetur,
449 591 510 650 aut
540 577 597 650 bic
629 576 793 650 manebit.
829 576 1080 678 Hippodamus
1114 604 1161 652 ne

161 706 332 809 numquid
366 703 492 778 vellem
509 701 541 769 ⁸4
574 703 716 805 quidem
747 704 891 802 rogavit
925 702 967 777 T.
999 703 1162 777 Pinarius

160 832 326 906 amabiles
351 830 478 903 adme
503 828 547 902 de
574 843 608 901 te
632 828 750 903 literas
773 829 903 902 mittit:
936 855 974 902 se
1007 831 1160 903 maxime

160 958 288 1057 literis,
318 955 552 1054 sermonibus,
583 956 678 1028 cenis
712 954 861 1057 denique
888 955 956 1028 tuis
983 953 1160 1029 delectari.

159 1087 195 1159 ls
227 1083 337 1156 homo
369 1107 508 1181 semper
538 1108 594 1154 me
628 1081 838 1181 delectavit,
873 1080 1050 1182 fraterque
1086 1083 1162 1154 eius

159 1236 296 1282 mecum
324 1221 377 1281 est
409 1207 566 1280 multum.
599 1209 735 1307 Quare,
766 1221 808 1280 ut
831 1206 1031 1307 instituisti,
1063 1232 1162 1281 com—

160 1336 313 1436 plectere
339 1334 605 1406 adolescentem.
638 1333 747 1426 Quod
770 1332 900 1407 multos
927 1333 1002 1407 dies
1028 1335 1162 1434 episto·

159 1461 231 1533 lam
255 1462 292 1532 in
316 1461 476 1534 manibus
502 1460 631 1559 habui,
664 1474 811 1561 propter
844 1461 1160 1534 commorationem

160 1587 442 1687 tabellariorum,
476 1586 556 1659 ideo
594 1585 705 1659 multa
737 1587 895 1659 coniecta
928 1600 1038 1686 sunt,
1065 1586 1160 1659 aliud

160 1715 228 1787 alio
253 1729 429 1814 tempore,
454 1713 550 1787 velut
574 1712 652 1786 hoc.
677 1713 719 1785 T.
737 1712 881 1786 Anicius
892 1713 926 1764 ⁸⁵
942 1711 1032 1785 mihi
1057 1738 1161 1812 saepe

158 1841 230 1913 iam
255 1839 364 1937 dixit,
396 1864 470 1912 sese
503 1839 568 1911 tibi
579 1895 590 1938 ,
620 1838 859 1912 suburbanum
883 1838 912 1910 si
938 1837 1038 1939 quod
1062 1840 1160 1912 inve-

158 1966 288 2066 nisset,
324 1991 397 2038 non
430 1965 669 2038 dubitaturum
703 1990 777 2037 esse
810 1988 925 2037 emere
943 1966 985 2035 ⁸⁶.
1018 1965 1064 2037 In
1088 1965 1160 2038 eius

159 2119 320 2166 sermone
345 2118 410 2192 ego
435 2106 621 2193 utrumque
652 2090 750 2164 soleo
783 2090 963 2164 admirari:
993 2103 1032 2163 ct
1056 2103 1092 2162 te
1117 2090 1160 2163 de

158 2218 360 2292 suburbano
387 2218 537 2292 emendo
571 2244 680 2319 quum
711 2217 756 2290 ad
784 2215 884 2290 illum
908 2215 1064 2316 scribas,
1087 2240 1160 2289 non

157 2345 265 2418 modo
292 2344 338 2417 ad
361 2371 418 2418 me
443 2370 517 2417 non
543 2345 749 2444 scriberesst,
774 2343 837 2416 sed
862 2343 968 2416 etiam
993 2341 1100 2415 aliam
1123 2344 1159 2414 in

158 2472 366 2544 sententiam
392 2471 541 2544 scribere
548 2499 559 2569 3
591 2484 649 2570 et,
675 2497 784 2572 quum
810 2469 856 2542 ad
880 2469 979 2542 illum
1003 2468 1158 2567 scribas,

157 2595 246 2668 nihil
270 2610 304 2668 te
330 2597 524 2694 recordari,
540 2622 576 2668 se
590 2598 621 2648 ⁸⁸
644 2595 687 2668 de
713 2595 869 2695 epistolis
895 2595 980 2694 illis,
1011 2621 1099 2696 quas
1123 2596 1158 2666 in

158 2722 359 2796 Tusculano
385 2725 459 2796 eius
485 2737 524 2795 tu
549 2723 634 2794 mihi
661 2722 863 2820 ostendisti,
880 2719 967 2793 nihil
993 2720 1040 2795 de
1064 2746 1159 2821 prae·

158 2849 268 2946 ceptis
292 2848 512 2948 Epicharmi,
536 2855 647 2943 γνῶθι,
671 2860 732 2927 πῶς
758 2852 839 2918 ἄλλω
864 2855 1025 2946 utputa,
1038 2861 1157 2921 totum

160 2952 309 3074 denique
336 2973 490 3072 vultum,
523 2976 695 3071 animum,
728 2998 925 3049 sermonem
957 2974 1053 3072 eius,
1078 2997 1159 3073 que-

158 3097 388 3172 madmodum
414 3100 580 3201 coniicio,
607 3102 708 3202 quasi
725 3102 766 3172 ⁸9.
794 3099 864 3172 Sed
888 3099 975 3172 haec
1001 3113 1043 3171 tu
1067 3097 1159 3172 vide-

156 3225 215 3298 ris.
241 3226 293 3297 De
319 3223 542 3325 suburbano,
576 3253 675 3326 cura,
707 3240 748 3298 ut
782 3227 912 3324 sciam,
938 3224 1029 3327 quid
1051 3222 1157 3333 uelis:

158 3363 195 3422 et
219 3350 323 3424 simul
346 3352 477 3453 nequid
501 3352 558 3425 ille
584 3352 823 3451 turbet,·vide.
844 3350 945 3443 Quid
961 3347 1159 3452 praeterea?

156 3478 277 3587 Quidl
301 3480 415 3552 etiam.
442 3479 611 3554 Gabinius
638 3508 666 3553 a.
695 3480 727 3553 d.
753 3481 824 3553 ΠΠ
849 3477 1035 3553 Kalendas
1052 3479 1189 3550 octo-i

155 3602 236 3677 bres
254 3623 284 3671 9⁰
311 3619 419 3679 noctu
444 3608 482 3679 in
506 3606 629 3680 urbem
654 3608 831 3681 introivit:
868 3619 905 3678 et
937 3605 1047 3678 hodie
1075 3604 1156 3677 hora

155 3729 262 3829 VIII,
287 3759 394 3833 quum
421 3732 537 3806 edicto
563 3736 600 3807 C.
627 3733 714 3806 Alfii
731 3751 761 3798 91
790 3733 833 3806 de
865 3733 1050 3804 maiestate
1082 3756 1156 3803 eum

158 3853 279 3929 adesse
305 3873 505 3959 oporteret,
530 3887 702 3934 concursu
727 3886 871 3958 magun,
906 3873 941 3932 et
970 3858 1054 3932 odio
1079 3857 1151 3930 uni-
