2632 4852
167 355 234 427 ¹90
501 348 671 396 earsrona
696 348 817 396 curru.
934 347 965 396 Α.
984 351 1018 398 v.
1034 350 1064 397 c.
1081 351 1133 412 ⁶99

161 478 227 524 cuo
253 451 370 524 animo
396 450 564 550 scribam,
597 475 704 551 quum
728 458 792 540 (ut
816 459 943 550 spem)
969 476 1007 523 se
1033 452 1156 525 Cicero

159 603 257 650 meus
285 575 375 648 belle
409 573 560 648 habebit.
594 575 650 647 Tu
683 573 787 648 velim
819 559 933 673 cures,
956 587 997 647 ut
1029 576 1157 675 seiam,

160 703 285 804 quibus
301 726 367 775 nos
389 700 472 774 dare
497 714 661 800 oporteat
684 726 759 801 eas,
785 726 870 802 quas
895 699 942 773 ad
966 715 1003 773 te
1029 700 1154 775 deinde

114 843 124 858 ‘
159 829 275 901 literas
304 827 498 900 mittemus:
527 826 729 900 Caesarisne
761 823 964 926 tabellariis,
989 840 1029 899 ut
1053 827 1083 899 is
1112 825 1156 899 ad

159 967 194 1026 te
218 953 379 1052 protinus
395 952 529 1051 mittat,
553 976 598 1023 an
622 950 777 1024 Labieni.
795 951 869 1024 Vbi
893 950 989 1023 enim
1011 951 1073 1024 isti
1088 952 1154 1023 sint

158 1077 277 1152 Nervii
295 1096 320 1178 ⁷,
344 1091 381 1150 et
405 1101 510 1180 quam
534 1075 641 1175 longe
664 1074 797 1176 absint,
822 1078 950 1150 neseio.

208 1205 229 1279 3
255 1205 308 1278 De
341 1203 469 1278 virtute
503 1218 539 1276 et
571 1204 739 1301 gravitate
772 1201 948 1302 Caesaris,
981 1226 1089 1305 quam
1119 1205 1155 1276 in

159 1355 296 1404 summo
322 1327 475 1403 dolore⁸
501 1327 733 1428 adhibuisset,
758 1355 921 1427 magnam
945 1354 990 1401 ex
1006 1323 1162 1431 epistola

160 1469 220 1535 tua
245 1456 364 1555 accepi
382 1454 610 1556 voluptatem.
636 1454 744 1549 Quod
759 1480 817 1528 me
833 1454 1035 1530 institutum
1052 1454 1099 1529 ad
1116 1453 1153 1526 il-

158 1581 232 1652 lum
255 1590 411 1681 poemaa
429 1579 526 1654 iubes
551 1581 736 1682 perficere,
760 1581 825 1653 etsi
850 1572 1023 1654 distentus
1050 1561 1152 1683 quum

158 1732 284 1806 opere,
309 1720 385 1779 tum
403 1707 520 1779 animo
538 1733 615 1779 sum
633 1705 746 1781 multo
768 1707 898 1806 magis,
922 1707 1093 1809 quoniam
1107 1719 1154 1780 ta·

78 1917 81 1924 ,
118 1888 119 1891 ,
157 1856 239 1904 men
264 1856 307 1904 ex
332 1830 498 1932 epistola,
524 1858 629 1934 quam
654 1832 701 1906 ad
724 1847 760 1905 te
785 1835 965 1933 miseram,
990 1833 1152 1932 cognovit

158 1959 302 2058 Caesar,
326 1984 383 2031 me
408 1956 539 2060 aliquid
564 1960 640 2032 e'sse
665 1984 839 2058 exorsum,
864 1973 1020 2033 revertar
1044 1958 1089 2031 ad
1103 1957 1153 2030 in-

157 2085 341 2185 stitutum,
372 2083 479 2187 idque
511 2085 690 2186 perficiam
720 2084 774 2158 his
810 2083 1104 2186 supplicationum
1122 2099 1149 2134 ¹⁰

158 2211 279 2283 otiosis
298 2209 436 2284 diebus:
463 2209 587 2313 quibus
612 2209 799 2286 Messalam
824 2212 895 2284 iam
910 2224 1089 2310 nostrum,
1104 2234 1150 2282 re-

156 2334 339 2437 liquosque
357 2336 516 2411 molestia
531 2354 560 2389 ¹¹
578 2336 731 2436 levatos,
755 2336 982 2412 vehementer
1003 2318 1151 2436 gaudeo:

157 2486 306 2562 eumque
333 2462 430 2562 quod
454 2477 589 2536 eertum
615 2462 794 2537 consulem
819 2490 900 2538 cum
914 2464 1075 2538 Domitio
1092 2488 1152 2534 nu·

156 2589 315 2685 meratis,
339 2588 426 2661 nihil
452 2615 470 2660 a
496 2603 618 2662 nostra
645 2591 812 2691 opinione
846 2588 1048 2663 dissentitis
1078 2590 1158 2686 Ego,

157 2711 340 2786 Messalam
359 2716 497 2787 Caesari
513 2715 708 2815 praestabo.
735 2714 805 2788 Sed
829 2715 1017 2788 Memmius
1042 2716 1081 2787 in
1096 2713 1152 2786 ad·
1175 2708 1177 2712 Α

157 2851 263 2911 ventu
284 2853 313 2890 ¹²
338 2816 493 2914 Caesaris
518 2840 626 2914 habet
651 2867 748 2941 spem
755 2869 767 2942 3
790 2843 827 2913 in
853 2865 923 2942 quo
949 2839 1051 2915 illum
1066 2851 1150 2940 puto

156 2989 287 3066 errare,
309 2962 367 3038 bic
392 2966 533 3068 quidem
558 2966 666 3065 friget
694 2967 863 3040 Scaurum
880 2979 1000 3038 autem
1016 2963 1152 3065 iampri-

157 3088 238 3165 dem
262 3092 454 3193 Pompeius
480 3093 615 3166 abiecit.
640 3094 708 3166 Res
733 3092 901 3194 prolatae.
925 3089 981 3163 Ad
1010 3091 1151 3163 interre-

156 3241 262 3313 gnum
287 3220 428 3291 comitia
454 3218 616 3292 adducta.
648 3221 780 3293 Rumor
811 3216 996 3291 dictatoris
1013 3217 1045 3268 ¹³
1069 3214 1151 3288 iniu-

154 3341 290 3415 cundus
307 3342 427 3442 bonis,
443 3344 528 3416 milri
546 3347 649 3417 etiam
667 3346 776 3443 magis
793 3367 882 3445 quae
902 3341 989 3444 loqu
1041 3355 1096 3414 tur
1114 3337 1149 3408 ¹4.

155 3463 223 3536 Sed
249 3481 324 3540 tota
350 3496 403 3542 res
430 3485 466 3542 et
490 3473 644 3569 timetur,
669 3485 705 3544 et
736 3469 934 3567 refrigescit.
960 3469 1016 3541 Po
1079 3465 1147 3537 eius

154 3589 258 3688 plane
283 3620 319 3666 se
344 3609 448 3699 negat
473 3596 561 3670 velle
581 3601 625 3695 ¹⁵3
650 3613 753 3671 autea
777 3598 853 3696 ipse
878 3593 966 3667 mihi
997 3597 1146 3666 nonne

156 3716 266 3810 gabat.
293 3721 464 3795 Hirrust⁶
490 3739 610 3798 auctor
637 3727 710 3798 fore
736 3722 881 3797 videtur.
909 3723 941 3792 Ο
970 3719 1021 3792 dii
1047 3743 1143 3821 quam

155 3841 304 3942 ineptus!
331 3875 435 3949 quam
452 3876 488 3923 se
504 3852 578 3952 ipse
597 3878 716 3925 amans
742 3852 814 3925 siue
840 3847 958 3954 rivali!
985 3849 1140 3922 Crassum
