2632 4852
155 357 225 430 292
382 428 385 432 ι
514 348 786 402 auaortrwves

155 454 176 516 5
196 451 421 538 Metapborioe,
446 461 482 512 ut
507 461 538 513 et
565 453 632 526 illa,
652 473 731 535 qnae
751 461 919 534 sequuntur
938 453 1059 513 comino
1079 452 1158 515 aee

198 562 291 634 karo,
312 570 367 621 eto.
381 559 485 620 Metuo
506 558 632 633 scilieet,
644 580 682 623 ne
694 567 725 620 te
739 561 872 621 otiosum
885 557 999 620 Caesar
1018 558 1159 622 detineat.

197 667 269 730 Tibi
290 677 390 728 autem
410 666 513 728 multis
532 667 653 750 praeliis
674 687 751 751 opus
770 687 834 729 esse
859 665 1012 740 arbitror,
1031 676 1068 728 ut
1093 666 1157 727 fru-

198 773 295 834 ctibus
315 774 487 856 provinciae
506 773 640 835 ditescas.

157 880 179 942 6
199 881 294 953 ICtis,
314 900 391 961 quos
411 879 515 940 festive
535 881 566 940 in
579 901 613 941 re
632 899 696 941 non
708 898 763 940 sua
775 889 864 941 testes
878 877 1012 940 adhibet.
1025 878 1096 939 Non
1108 899 1159 939 no-

196 990 292 1047 minat
318 986 498 1059 Vacerram,
519 985 602 1068 quod
629 984 707 1048 eum‘
727 988 759 1047 in
784 1007 832 1070 ep.
859 986 1005 1068 CXLIII,
1035 1007 1047 1046 1
1077 1006 1157 1046 mor-

196 1105 284 1154 tuum
300 1092 388 1168 dixit3
401 1093 432 1153 id
446 1104 476 1154 et
488 1092 674 1175 Mongaltius
688 1093 778 1166 vidit,
791 1095 844 1174 qui
858 1103 888 1154 et
900 1078 933 1152 in
943 1093 1102 1175 placebat,
1115 1113 1160 1153 so·

201 1201 292 1261 lemni
307 1199 384 1260 ICtis
397 1199 507 1272 verbo,
520 1201 621 1260 iocum
634 1199 765 1262 videbat.
786 1200 867 1260 Nihil
878 1202 958 1260 enim
973 1199 1158 1281 frequentius

199 1308 231 1366 in
250 1325 357 1366 eorum
376 1305 460 1366 libris
486 1309 633 1380 occurrit,
659 1328 752 1389 quam
779 1308 821 1368 ita
841 1305 977 1393 Labeoni
994 1318 1026 1366 et
1045 1305 1159 1366 Neruae

197 1412 314 1494 plocen
334 1413 375 1472 ite
396 1413 511 1485 Servio,
531 1412 677 1486 Labeoni,
699 1412 810 1474 Sabino
820 1397 1039 1497 placuiavide
1053 1413 1159 1472 Manu·

201 1522 287 1581 tium.
307 1519 386 1580 Edd.
408 1541 512 1580 omnes
531 1531 603 1582 vett.
623 1533 652 1581 et
668 1520 774 1582 Mucio
793 1532 823 1582 et
841 1521 986 1593 Manilio,
1005 1519 1092 1601 quod
1112 1517 1160 1578 Ci-

202 1616 314 1687 ceroni
325 1637 370 1687 est
389 1626 580 1688 tralaticium.
601 1626 720 1700 Mucio,
738 1648 863 1708 nempe,
882 1626 1057 1687 Scaevolae.

151 1753 179 1814 ·7
199 1733 240 1793 Et
259 1731 310 1794 hio
329 1743 451 1794 notatur
471 1736 587 1795 inscitia
611 1736 710 1815 (utet
730 1755 821 1817 supra
834 1732 930 1795 verbo
940 1734 1068 1815 peritior
1084 1740 1160 1814 ripu-

200 1841 313 1920 vue'ulz
334 1841 419 1922 quasi
440 1861 501 1901 non
519 1843 633 1924 optime
648 1840 810 1903 Trebatius
824 1851 943 1906 caveret
956 1842 1009 1913 iis,
1031 1859 1160 1921 quorum

201 1956 279 2007 esset
298 1945 478 2034 advocatuss
492 1948 611 2010 Monet.

160 2052 181 2115 8
201 2052 283 2114 Adeo
303 2053 459 2119 delectaris
480 2054 679 2118 theatralibus
699 2055 794 2127 ludis,
810 2066 846 2118 ut
863 2076 902 2115 ne
915 2052 1083 2115 audabatas
1097 2054 1161 2134 qui·

199 2159 285 2233 dem,
304 2162 336 2221 in
356 2160 467 2242 quibus
486 2163 647 2222 minimum
668 2172 714 2223 est
732 2161 952 2233 delectationis,
980 2160 1160 2221 defraudare

194 2288 367 2359 possumus.
386 2267 580 2330 Andabatom
599 2271 769 2329 accusativo
795 2289 867 2331 casu
887 2267 1056 2328 vindicavit
1076 2268 1160 2328 Cice-

200 2376 267 2435 roni
287 2374 420 2435 Clericus
440 2395 476 2435 ex
488 2374 541 2436 illo
552 2375 701 2438 Varronis
722 2375 804 2457 apud
824 2376 900 2436 Non.
915 2375 943 2447 I,
957 2372 999 2456 95
1012 2371 1161 2455 aesfrau·

199 2479 286 2541 darre
317 2502 481 2564 cauponem
490 2526 502 2556 ,
532 2493 637 2542 contra
669 2481 883 2554 Gebhardum,
914 2482 968 2563 qui
1000 2479 1161 2562 legendum

200 2587 340 2648 censebat
358 2588 518 2649 arrdabota.
539 2588 702 2650 Andnbota
715 2601 760 2650 est
773 2612 790 2649 c
804 2608 912 2669 graeco
933 2597 1095 2670 arefieret,
1115 2588 1160 2646 in-

199 2697 343 2776 terposito
363 2694 401 2768 d,
420 2695 452 2755 id
472 2707 517 2756 est
536 2695 708 2769 maceror,
730 2699 801 2777 quia
821 2699 853 2756 in
873 2697 960 2776 equis
984 2693 1160 2784 pugnabant

201 2800 382 2874 andabatae,
404 2802 489 2883 galea
508 2802 640 2863 frontem
668 2803 832 2884 oculosque
851 2804 942 2874 tecti,
965 2812 1000 2861 ut
1027 2801 1161 2884 explanat

200 2908 356 2969 Graevius.
378 2908 458 2968 Hinc
470 2909 668 2990 proverbium
680 2909 762 2991 apud
776 2909 954 2979 Erasmum‚
970 2907 1050 2968 Chii.
1065 2908 1111 2978 II,
1128 2907 1159 2976 3,

200 3015 293 3096 Adag.
314 3017 369 3088 33,
390 3014 618 3077 Arrdabatnrum
638 3039 717 3078 more
735 3036 866 3096 pugnare
886 3015 925 3075 de
938 3014 1015 3088 illia,
1036 3017 1089 3096 qui
1102 3013 1158 3074 titi·

200 3132 273 3203 gant
293 3121 330 3184 de
351 3145 384 3183 re
401 3144 493 3205 quam
506 3144 568 3183 non
581 3124 759 3205 intelligunt.
780 3121 919 3185 Verbum
932 3123 1069 3182 occurrit
1082 3117 1159 3202 apud

198 3229 238 3290 D.
259 3229 384 3291 Hieron.
403 3230 546 3291 adversus
567 3230 686 3292 Helvid.
713 3251 738 3290 c.
759 3229 793 3302 5,
814 3240 844 3289 et
864 3230 1060 3290 Iovinianum
1074 3230 1104 3300 1,
1124 3247 1155 3285 ar

201 3336 312 3419 (Oper.
333 3339 370 3397 T.
392 3339 438 3410 II,
457 3358 487 3420 p.
509 3359 568 3398 nro
594 3350 625 3399 et
652 3338 712 3420 294
733 3337 778 3398 ed.
800 3337 941 3399 Veronae
967 3334 1072 3416 1735).
1091 3334 1156 3396 Vna

197 3442 244 3502 ed.
266 3445 384 3504 Iensoni
403 3446 573 3506 enodatum.
748 3471 750 3477 ·

159 3535 180 3628 p
200 3548 281 3621 Hoc,
310 3550 392 3631 quod
413 3554 508 3611 estin
535 3550 623 3611 amb.
645 3572 677 3625 2,
701 3550 761 3611 Zel.
782 3551 857 3611 Bet
883 3550 930 3610 ed.
953 3549 1013 3610 Ro.
1034 3543 1152 3630 praetuli

197 3655 322 3737 vulgato
343 3658 386 3717 tir
406 3658 503 3721 literis.
523 3658 563 3720 Et
582 3659 654 3720 Mox
674 3659 735 3719 Zel.
755 3658 780 3717 B
800 3668 831 3718 et
844 3655 912 3718 edd.
928 3667 1004 3718 vett.
1020 3654 1149 3715 Ιιοηιὺιεηι

198 3781 269 3821 esse.

162 3885 197 3930 ro
216 3866 294 3931 Edd.
314 3869 369 3933 Ro.
391 3872 471 3934 Med.
490 3873 627 3936 solatium
646 3894 716 3935 esse.
737 3873 808 3935 Mox
829 3871 891 3935 duo
913 3868 1024 3935 Ambb.
1042 3878 1141 3956 pessus
