<?xml version="1.0" encoding="UTF-8"?>
<!DOCTYPE html PUBLIC "-//W3C//DTD XHTML 1.0 Transitional//EN"
    "http://www.w3.org/TR/xhtml1/DTD/xhtml1-transitional.dtd">
<html xmlns="http://www.w3.org/1999/xhtml" xml:lang="en" lang="en">
 <head>
  <title>
</title>
<meta http-equiv="Content-Type" content="text/html;charset=utf-8" />
  <meta name='ocr-system' content='tesseract 3.04.00' />
  <meta name='ocr-capabilities' content='ocr_page ocr_carea ocr_par ocr_line ocrx_word'/>
</head>
<body>
  <div class='ocr_page' id='page_1' title='image "./mtulliiciceroni57cicegoog/mtulliiciceroni57cicegoog_0179.png"; bbox 0 0 2632 4852; ppageno 0'>
   <div class='ocr_carea' id='block_1_1' title="bbox 69 332 1153 1439">
    <p class='ocr_par' dir='ltr' id='par_1_1' title="bbox 69 332 1153 1439">
     <span class='ocr_line' id='line_1_1' title="bbox 163 332 1127 431; baseline 0.003 -29"><span class='ocrx_word' id='word_1_1' title='bbox 163 332 230 430; x_wconf 70' lang='lat'><strong>174</strong></span> <span class='ocrx_word' id='word_1_2' title='bbox 508 351 677 402; x_wconf 73' lang='lat' dir='ltr'><strong>sersroui</strong></span> <span class='ocrx_word' id='word_1_3' title='bbox 702 353 793 400; x_wconf 80' lang='lat' dir='ltr'><strong>cmv.</strong></span> <span class='ocrx_word' id='word_1_4' title='bbox 932 352 963 400; x_wconf 86' lang='grc' dir='ltr'><strong>ιι.</strong></span> <span class='ocrx_word' id='word_1_5' title='bbox 981 357 1014 401; x_wconf 85' lang='lat' dir='ltr'><strong>v.</strong></span> <span class='ocrx_word' id='word_1_6' title='bbox 1033 356 1061 402; x_wconf 92' lang='lat' dir='ltr'><strong>c.</strong></span> <span class='ocrx_word' id='word_1_7' title='bbox 1077 356 1127 431; x_wconf 81' lang='lat' dir='ltr'><strong>soc</strong></span> 
     </span>
     <span class='ocr_line' id='line_1_2' title="bbox 156 452 1153 556; baseline 0.001 -28"><span class='ocrx_word' id='word_1_8' title='bbox 156 454 315 556; x_wconf 88' lang='lat' dir='ltr'><strong>publicae</strong></span> <span class='ocrx_word' id='word_1_9' title='bbox 341 479 441 552; x_wconf 77' lang='lat' dir='ltr'><strong>cura,</strong></span> <span class='ocrx_word' id='word_1_10' title='bbox 473 452 635 554; x_wconf 86' lang='lat' dir='ltr'><strong>dedoque</strong></span> <span class='ocrx_word' id='word_1_11' title='bbox 666 453 792 553; x_wconf 78' lang='lat' dir='ltr'><strong>literis3</strong></span> <span class='ocrx_word' id='word_1_12' title='bbox 823 453 887 527; x_wconf 89' lang='lat' dir='ltr'><strong>sed</strong></span> <span class='ocrx_word' id='word_1_13' title='bbox 918 467 1036 528; x_wconf 86' lang='lat' dir='ltr'><strong>tamen</strong></span> <span class='ocrx_word' id='word_1_14' title='bbox 1063 457 1153 530; x_wconf 91' lang='lat' dir='ltr'><strong>indi·-</strong></span> 
     </span>
     <span class='ocr_line' id='line_1_3' title="bbox 157 578 1151 682; baseline 0.001 -28"><span class='ocrx_word' id='word_1_15' title='bbox 157 581 245 654; x_wconf 86' lang='lat' dir='ltr'><strong>cabo</strong></span> <span class='ocrx_word' id='word_1_16' title='bbox 272 580 356 679; x_wconf 80' lang='lat' dir='ltr'><strong>tihi,</strong></span> <span class='ocrx_word' id='word_1_17' title='bbox 381 579 478 682; x_wconf 90' lang='lat' dir='ltr'><strong>quod</strong></span> <span class='ocrx_word' id='word_1_18' title='bbox 502 578 698 653; x_wconf 84' lang='lat' dir='ltr'><strong>mehercule</strong></span> <span class='ocrx_word' id='word_1_19' title='bbox 722 581 761 652; x_wconf 90' lang='lat' dir='ltr'><strong>in</strong></span> <span class='ocrx_word' id='word_1_20' title='bbox 785 581 908 680; x_wconf 86' lang='lat' dir='ltr'><strong>primis</strong></span> <span class='ocrx_word' id='word_1_21' title='bbox 940 593 977 654; x_wconf 83' lang='lat' dir='ltr'><strong>tc</strong></span> <span class='ocrx_word' id='word_1_22' title='bbox 1002 580 1151 655; x_wconf 86' lang='lat' dir='ltr'><strong>celatum</strong></span> 
     </span>
     <span class='ocr_line' id='line_1_4' title="bbox 69 704 1152 814; baseline -0.001 -32"><span class='ocrx_word' id='word_1_23' title='bbox 69 704 71 709; x_wconf 41' lang='lat'><strong>⁴</strong></span> <span class='ocrx_word' id='word_1_24' title='bbox 155 707 326 782; x_wconf 85' lang='lat' dir='ltr'><strong>volebam.</strong></span> <span class='ocrx_word' id='word_1_25' title='bbox 351 708 487 814; x_wconf 78' lang='lat' dir='ltr'><strong>Angor,</strong></span> <span class='ocrx_word' id='word_1_26' title='bbox 503 707 552 778; x_wconf 91' lang='lat' dir='ltr'><strong>mi</strong></span> <span class='ocrx_word' id='word_1_27' title='bbox 569 706 771 780; x_wconf 81' lang='lat' dir='ltr'><strong>suavissime</strong></span> <span class='ocrx_word' id='word_1_28' title='bbox 787 706 910 806; x_wconf 78' lang='lat' dir='ltr'><strong>frater,</strong></span> <span class='ocrx_word' id='word_1_29' title='bbox 936 733 1060 807; x_wconf 77' lang='lat' dir='ltr'><strong>angor,</strong></span> <span class='ocrx_word' id='word_1_30' title='bbox 1077 707 1152 781; x_wconf 91' lang='lat' dir='ltr'><strong>uul-</strong></span> 
     </span>
     <span class='ocr_line' id='line_1_5' title="bbox 155 831 1152 945; baseline -0.002 -39"><span class='ocrx_word' id='word_1_31' title='bbox 155 833 226 906; x_wconf 85' lang='lat' dir='ltr'><strong>lam</strong></span> <span class='ocrx_word' id='word_1_32' title='bbox 251 858 325 907; x_wconf 89' lang='lat' dir='ltr'><strong>esse</strong></span> <span class='ocrx_word' id='word_1_33' title='bbox 350 858 425 945; x_wconf 61' lang='lat' dir='ltr'><strong>rem</strong></span> <span class='ocrx_word' id='word_1_34' title='bbox 455 831 650 933; x_wconf 81' lang='lat' dir='ltr'><strong>publicam,</strong></span> <span class='ocrx_word' id='word_1_35' title='bbox 681 831 776 904; x_wconf 89' lang='lat' dir='ltr'><strong>nulla</strong></span> <span class='ocrx_word' id='word_1_36' title='bbox 805 832 950 932; x_wconf 86' lang='lat' dir='ltr'><strong>iudicia,</strong></span> <span class='ocrx_word' id='word_1_37' title='bbox 974 846 1152 906; x_wconf 87' lang='lat' dir='ltr'><strong>nostrum·</strong></span> 
     </span>
     <span class='ocr_line' id='line_1_6' title="bbox 156 957 1150 1062; baseline -0.001 -30"><span class='ocrx_word' id='word_1_38' title='bbox 156 985 223 1062; x_wconf 89' lang='lat' dir='ltr'><strong>que</strong></span> <span class='ocrx_word' id='word_1_39' title='bbox 248 959 318 1032; x_wconf 92' lang='lat' dir='ltr'><strong>hoc</strong></span> <span class='ocrx_word' id='word_1_40' title='bbox 343 972 481 1058; x_wconf 88' lang='lat' dir='ltr'><strong>tempus</strong></span> <span class='ocrx_word' id='word_1_41' title='bbox 508 959 646 1057; x_wconf 80' lang='lat' dir='ltr'><strong>aetatis,</strong></span> <span class='ocrx_word' id='word_1_42' title='bbox 672 958 770 1060; x_wconf 88' lang='lat' dir='ltr'><strong>quod</strong></span> <span class='ocrx_word' id='word_1_43' title='bbox 792 959 831 1032; x_wconf 88' lang='lat' dir='ltr'><strong>in</strong></span> <span class='ocrx_word' id='word_1_44' title='bbox 855 957 914 1031; x_wconf 87' lang='lat' dir='ltr'><strong>illa</strong></span> <span class='ocrx_word' id='word_1_45' title='bbox 947 960 1150 1033; x_wconf 83' lang='lat' dir='ltr'><strong>auctoritate</strong></span> 
     </span>
     <span class='ocr_line' id='line_1_7' title="bbox 155 1081 1152 1182; baseline -0.001 -24"><span class='ocrx_word' id='word_1_46' title='bbox 155 1085 330 1158; x_wconf 73' lang='lat' dir='ltr'><strong>senatoria</strong></span> <span class='ocrx_word' id='word_1_47' title='bbox 354 1081 477 1157; x_wconf 86' lang='lat' dir='ltr'><strong>llorere</strong></span> <span class='ocrx_word' id='word_1_48' title='bbox 496 1084 663 1182; x_wconf 83' lang='lat' dir='ltr'><strong>debebat,</strong></span> <span class='ocrx_word' id='word_1_49' title='bbox 689 1097 750 1158; x_wconf 76' lang='lat' dir='ltr'><strong>aur¹</strong></span> <span class='ocrx_word' id='word_1_50' title='bbox 766 1083 895 1157; x_wconf 87' lang='lat' dir='ltr'><strong>forensi</strong></span> <span class='ocrx_word' id='word_1_51' title='bbox 910 1082 1032 1158; x_wconf 85' lang='lat' dir='ltr'><strong>labore</strong></span> <span class='ocrx_word' id='word_1_52' title='bbox 1048 1084 1152 1157; x_wconf 81' lang='lat' dir='ltr'><strong>iacta-</strong></span> 
     </span>
     <span class='ocr_line' id='line_1_8' title="bbox 155 1209 1153 1310; baseline 0 -26"><span class='ocrx_word' id='word_1_53' title='bbox 155 1212 201 1310; x_wconf 81' lang='lat' dir='ltr'><strong>ri,</strong></span> <span class='ocrx_word' id='word_1_54' title='bbox 227 1224 288 1282; x_wconf 86' lang='lat' dir='ltr'><strong>aut</strong></span> <span class='ocrx_word' id='word_1_55' title='bbox 319 1210 520 1284; x_wconf 77' lang='lat' dir='ltr'><strong>domesticis</strong></span> <span class='ocrx_word' id='word_1_56' title='bbox 550 1210 659 1284; x_wconf 82' lang='lat' dir='ltr'><strong>literis</strong></span> <span class='ocrx_word' id='word_1_57' title='bbox 692 1211 898 1307; x_wconf 81' lang='lat' dir='ltr'><strong>sustentari3</strong></span> <span class='ocrx_word' id='word_1_58' title='bbox 930 1209 1019 1283; x_wconf 91' lang='lat' dir='ltr'><strong>illud</strong></span> <span class='ocrx_word' id='word_1_59' title='bbox 1051 1235 1153 1308; x_wconf 80' lang='lat' dir='ltr'><strong>vero,</strong></span> 
     </span>
     <span class='ocr_line' id='line_1_9' title="bbox 157 1335 848 1439; baseline 0.004 -31"><span class='ocrx_word' id='word_1_60' title='bbox 157 1335 253 1439; x_wconf 90' lang='lat' dir='ltr'><strong>quod</strong></span> <span class='ocrx_word' id='word_1_61' title='bbox 279 1363 299 1409; x_wconf 87' lang='lat' dir='ltr'><strong>a</strong></span> <span class='ocrx_word' id='word_1_62' title='bbox 322 1361 434 1438; x_wconf 83' lang='lat' dir='ltr'><strong>puero</strong></span> <span class='ocrx_word' id='word_1_63' title='bbox 461 1336 680 1435; x_wconf 79' lang='lat' dir='ltr'><strong>ademeram,</strong></span> <span class='ocrx_word' id='word_1_64' title='bbox 839 1340 848 1349; x_wconf 75' lang='grc'><strong>“</strong></span> 
     </span>
    </p>
   </div>
   <div class='ocr_carea' id='block_1_2' title="bbox 245 1527 1070 1621">
    <p class='ocr_par' dir='ltr' id='par_1_2' title="bbox 245 1527 1070 1621">
     <span class='ocr_line' id='line_1_10' title="bbox 245 1527 1070 1621; baseline -0.001 -28"><span class='ocrx_word' id='word_1_65' title='bbox 245 1527 316 1594; x_wconf 67' lang='lat' dir='ltr'><strong>Afer</strong></span> <span class='ocrx_word' id='word_1_66' title='bbox 340 1531 522 1620; x_wconf 75' lang='grc' dir='ltr'><em>ἀριστεύειν,</em></span> <span class='ocrx_word' id='word_1_67' title='bbox 547 1529 597 1595; x_wconf 81' lang='grc' dir='ltr'><strong>καὶ</strong></span> <span class='ocrx_word' id='word_1_68' title='bbox 624 1527 780 1620; x_wconf 72' lang='grc' dir='ltr'><em>ὑπείροχον</em></span> <span class='ocrx_word' id='word_1_69' title='bbox 806 1528 929 1617; x_wconf 80' lang='grc' dir='ltr'><em>ἔμμεναι</em></span> <span class='ocrx_word' id='word_1_70' title='bbox 955 1527 1070 1621; x_wconf 66' lang='grc' dir='ltr'><em>ἄλλων,</em></span> 
     </span>
    </p>
   </div>
   <div class='ocr_carea' id='block_1_3' title="bbox 100 1696 1151 2818">
    <p class='ocr_par' dir='ltr' id='par_1_3' title="bbox 100 1696 1151 2818">
     <span class='ocr_line' id='line_1_11' title="bbox 156 1696 1148 1813; baseline -0.002 -27"><span class='ocrx_word' id='word_1_71' title='bbox 156 1728 271 1787; x_wconf 81' lang='lat' dir='ltr'><strong>totum</strong></span> <span class='ocrx_word' id='word_1_72' title='bbox 297 1713 482 1813; x_wconf 78' lang='lat' dir='ltr'><strong>occidisse3</strong></span> <span class='ocrx_word' id='word_1_73' title='bbox 507 1715 668 1788; x_wconf 91' lang='lat' dir='ltr'><strong>inimicos</strong></span> <span class='ocrx_word' id='word_1_74' title='bbox 694 1741 714 1787; x_wconf 89' lang='lat' dir='ltr'><strong>a</strong></span> <span class='ocrx_word' id='word_1_75' title='bbox 738 1696 800 1785; x_wconf 25' lang='lat' dir='ltr'><strong>me*</strong></span> <span class='ocrx_word' id='word_1_76' title='bbox 820 1713 950 1813; x_wconf 83' lang='lat' dir='ltr'><strong>partim</strong></span> <span class='ocrx_word' id='word_1_77' title='bbox 981 1736 1057 1785; x_wconf 90' lang='lat' dir='ltr'><strong>non</strong></span> <span class='ocrx_word' id='word_1_78' title='bbox 1088 1738 1148 1811; x_wconf 90' lang='lat' dir='ltr'><strong>op·</strong></span> 
     </span>
     <span class='ocr_line' id='line_1_12' title="bbox 100 1838 1149 1941; baseline -0.003 -29"><span class='ocrx_word' id='word_1_79' title='bbox 100 1922 101 1929; x_wconf 7' lang='grc' dir='ltr'>ἵ</span> <span class='ocrx_word' id='word_1_80' title='bbox 156 1854 330 1941; x_wconf 82' lang='lat' dir='ltr'><strong>pugnatas</strong></span> <span class='ocrx_word' id='word_1_81' title='bbox 350 1856 391 1937; x_wconf 77' lang='lat'><strong>¹²,</strong></span> <span class='ocrx_word' id='word_1_82' title='bbox 416 1842 544 1940; x_wconf 80' lang='lat' dir='ltr'><strong>partim</strong></span> <span class='ocrx_word' id='word_1_83' title='bbox 577 1842 682 1912; x_wconf 82' lang='lat' dir='ltr'><strong>etiam</strong></span> <span class='ocrx_word' id='word_1_84' title='bbox 716 1865 789 1912; x_wconf 91' lang='lat' dir='ltr'><strong>esse</strong></span> <span class='ocrx_word' id='word_1_85' title='bbox 823 1838 1005 1938; x_wconf 76' lang='lat' dir='ltr'><strong>defensos3</strong></span> <span class='ocrx_word' id='word_1_86' title='bbox 1038 1864 1149 1910; x_wconf 90' lang='lat' dir='ltr'><strong>meum</strong></span> 
     </span>
     <span class='ocr_line' id='line_1_13' title="bbox 156 1962 1148 2067; baseline -0.003 -29"><span class='ocrx_word' id='word_1_87' title='bbox 156 1991 230 2038; x_wconf 91' lang='lat' dir='ltr'><strong>non</strong></span> <span class='ocrx_word' id='word_1_88' title='bbox 254 1965 362 2040; x_wconf 91' lang='lat' dir='ltr'><strong>modo</strong></span> <span class='ocrx_word' id='word_1_89' title='bbox 388 1966 557 2064; x_wconf 81' lang='lat' dir='ltr'><strong>animum,</strong></span> <span class='ocrx_word' id='word_1_90' title='bbox 582 1965 646 2038; x_wconf 89' lang='lat' dir='ltr'><strong>sed</strong></span> <span class='ocrx_word' id='word_1_91' title='bbox 670 1991 715 2038; x_wconf 89' lang='lat' dir='ltr'><strong>nc</strong></span> <span class='ocrx_word' id='word_1_92' title='bbox 748 1963 869 2037; x_wconf 91' lang='lat' dir='ltr'><strong>odium</strong></span> <span class='ocrx_word' id='word_1_93' title='bbox 902 1962 1048 2067; x_wconf 91' lang='lat' dir='ltr'><strong>quidem</strong></span> <span class='ocrx_word' id='word_1_94' title='bbox 1079 1988 1148 2036; x_wconf 89' lang='lat' dir='ltr'><strong>esse</strong></span> 
     </span>
     <span class='ocr_line' id='line_1_14' title="bbox 156 2090 1148 2193; baseline -0.004 -28"><span class='ocrx_word' id='word_1_95' title='bbox 156 2093 321 2191; x_wconf 80' lang='lat' dir='ltr'><strong>liberum3</strong></span> <span class='ocrx_word' id='word_1_96' title='bbox 346 2118 524 2193; x_wconf 88' lang='lat' dir='ltr'><strong>unumque</strong></span> <span class='ocrx_word' id='word_1_97' title='bbox 550 2118 594 2191; x_wconf 72' lang='lat' dir='ltr'><strong>ex</strong></span> <span class='ocrx_word' id='word_1_98' title='bbox 610 2090 772 2165; x_wconf 89' lang='lat' dir='ltr'><strong>omnibus</strong></span> <span class='ocrx_word' id='word_1_99' title='bbox 797 2092 983 2165; x_wconf 88' lang='lat' dir='ltr'><strong>Caesarem</strong></span> <span class='ocrx_word' id='word_1_100' title='bbox 1009 2115 1085 2164; x_wconf 85' lang='lat' dir='ltr'><strong>esse</strong></span> <span class='ocrx_word' id='word_1_101' title='bbox 1101 2090 1148 2162; x_wconf 87' lang='lat' dir='ltr'><strong>in-</strong></span> 
     </span>
     <span class='ocr_line' id='line_1_15' title="bbox 157 2215 1151 2319; baseline -0.003 -28"><span class='ocrx_word' id='word_1_102' title='bbox 157 2233 300 2291; x_wconf 82' lang='lat' dir='ltr'><strong>ventum</strong></span> <span class='ocrx_word' id='word_1_103' title='bbox 312 2274 323 2317; x_wconf 78' lang='lat'>‚</span> <span class='ocrx_word' id='word_1_104' title='bbox 355 2219 415 2319; x_wconf 87' lang='lat' dir='ltr'><strong>qui</strong></span> <span class='ocrx_word' id='word_1_105' title='bbox 447 2244 504 2292; x_wconf 90' lang='lat' dir='ltr'><strong>me</strong></span> <span class='ocrx_word' id='word_1_106' title='bbox 537 2231 692 2316; x_wconf 80' lang='lat' dir='ltr'><strong>tantum,</strong></span> <span class='ocrx_word' id='word_1_107' title='bbox 726 2231 895 2319; x_wconf 84' lang='lat' dir='ltr'><strong>quantum</strong></span> <span class='ocrx_word' id='word_1_108' title='bbox 921 2241 986 2314; x_wconf 85' lang='lat' dir='ltr'><strong>ego</strong></span> <span class='ocrx_word' id='word_1_109' title='bbox 1012 2215 1151 2314; x_wconf 81' lang='lat' dir='ltr'><strong>vellem,</strong></span> 
     </span>
     <span class='ocr_line' id='line_1_16' title="bbox 159 2340 1150 2443; baseline -0.003 -28"><span class='ocrx_word' id='word_1_110' title='bbox 159 2359 307 2442; x_wconf 77' lang='lat' dir='ltr'><strong>amaret,</strong></span> <span class='ocrx_word' id='word_1_111' title='bbox 333 2358 392 2415; x_wconf 83' lang='lat' dir='ltr'><strong>aut</strong></span> <span class='ocrx_word' id='word_1_112' title='bbox 418 2346 521 2416; x_wconf 83' lang='lat' dir='ltr'><strong>etiam</strong></span> <span class='ocrx_word' id='word_1_113' title='bbox 549 2345 655 2431; x_wconf 89' lang='lat' dir='ltr'><strong>(sicut</strong></span> <span class='ocrx_word' id='word_1_114' title='bbox 681 2342 738 2416; x_wconf 86' lang='lat' dir='ltr'><strong>alii</strong></span> <span class='ocrx_word' id='word_1_115' title='bbox 762 2355 906 2443; x_wconf 79' lang='lat' dir='ltr'><strong>putant)</strong></span> <span class='ocrx_word' id='word_1_116' title='bbox 932 2340 1150 2425; x_wconf 77' lang='lat' dir='ltr'><strong>huucunum</strong></span> 
     </span>
     <span class='ocr_line' id='line_1_17' title="bbox 158 2467 1150 2570; baseline 0.001 -31"><span class='ocrx_word' id='word_1_117' title='bbox 158 2493 249 2565; x_wconf 74' lang='lat' dir='ltr'><strong>esse,</strong></span> <span class='ocrx_word' id='word_1_118' title='bbox 274 2471 333 2570; x_wconf 88' lang='lat' dir='ltr'><strong>qui</strong></span> <span class='ocrx_word' id='word_1_119' title='bbox 359 2469 471 2541; x_wconf 80' lang='lat' dir='ltr'><strong>vellet.</strong></span> <span class='ocrx_word' id='word_1_120' title='bbox 500 2472 660 2561; x_wconf 81' lang='lat' dir='ltr'><strong>Quorum</strong></span> <span class='ocrx_word' id='word_1_121' title='bbox 687 2484 803 2543; x_wconf 84' lang='lat' dir='ltr'><strong>tomen</strong></span> <span class='ocrx_word' id='word_1_122' title='bbox 820 2467 908 2540; x_wconf 89' lang='lat' dir='ltr'><strong>nihil</strong></span> <span class='ocrx_word' id='word_1_123' title='bbox 925 2480 979 2539; x_wconf 86' lang='lat' dir='ltr'><strong>est</strong></span> <span class='ocrx_word' id='word_1_124' title='bbox 1004 2469 1150 2540; x_wconf 91' lang='lat' dir='ltr'><strong>eiusmo-</strong></span> 
     </span>
     <span class='ocr_line' id='line_1_18' title="bbox 160 2593 1149 2694; baseline -0.003 -29"><span class='ocrx_word' id='word_1_125' title='bbox 160 2593 211 2692; x_wconf 83' lang='lat' dir='ltr'><strong>di,</strong></span> <span class='ocrx_word' id='word_1_126' title='bbox 236 2608 274 2665; x_wconf 83' lang='lat' dir='ltr'><strong>ut</strong></span> <span class='ocrx_word' id='word_1_127' title='bbox 301 2621 364 2691; x_wconf 83' lang='lat' dir='ltr'><strong>ego</strong></span> <span class='ocrx_word' id='word_1_128' title='bbox 391 2623 445 2668; x_wconf 89' lang='lat' dir='ltr'><strong>me</strong></span> <span class='ocrx_word' id='word_1_129' title='bbox 478 2623 550 2668; x_wconf 89' lang='lat' dir='ltr'><strong>nou</strong></span> <span class='ocrx_word' id='word_1_130' title='bbox 583 2596 691 2668; x_wconf 84' lang='lat' dir='ltr'><strong>multa</strong></span> <span class='ocrx_word' id='word_1_131' title='bbox 725 2594 963 2667; x_wconf 85' lang='lat' dir='ltr'><strong>consolatione</strong></span> <span class='ocrx_word' id='word_1_132' title='bbox 998 2593 1149 2694; x_wconf 85' lang='lat' dir='ltr'><strong>quotidie</strong></span> 
     </span>
     <span class='ocr_line' id='line_1_19' title="bbox 157 2719 1149 2818; baseline -0.002 -27"><span class='ocrx_word' id='word_1_133' title='bbox 157 2719 301 2792; x_wconf 84' lang='lat' dir='ltr'><strong>leniam:</strong></span> <span class='ocrx_word' id='word_1_134' title='bbox 327 2722 389 2793; x_wconf 90' lang='lat' dir='ltr'><strong>sed</strong></span> <span class='ocrx_word' id='word_1_135' title='bbox 414 2722 471 2793; x_wconf 85' lang='lat' dir='ltr'><strong>ille</strong></span> <span class='ocrx_word' id='word_1_136' title='bbox 504 2723 569 2794; x_wconf 78' lang='lat' dir='ltr'><strong>erit</strong></span> <span class='ocrx_word' id='word_1_137' title='bbox 600 2720 793 2794; x_wconf 81' lang='lat' dir='ltr'><strong>consolatio</strong></span> <span class='ocrx_word' id='word_1_138' title='bbox 826 2720 996 2818; x_wconf 80' lang='lat' dir='ltr'><strong>maxima,</strong></span> <span class='ocrx_word' id='word_1_139' title='bbox 1022 2720 1052 2792; x_wconf 89' lang='lat' dir='ltr'><strong>si</strong></span> <span class='ocrx_word' id='word_1_140' title='bbox 1085 2743 1149 2790; x_wconf 89' lang='lat' dir='ltr'><strong>una</strong></span> 
     </span>
    </p>
   </div>
   <div class='ocr_carea' id='block_1_4' title="bbox 159 2843 1150 2946">
    <p class='ocr_par' dir='ltr' id='par_1_4' title="bbox 159 2843 1150 2946">
     <span class='ocr_line' id='line_1_20' title="bbox 159 2843 1150 2946; baseline -0.003 -28"><span class='ocrx_word' id='word_1_141' title='bbox 159 2846 294 2918; x_wconf 91' lang='lat' dir='ltr'><strong>erimus.</strong></span> <span class='ocrx_word' id='word_1_142' title='bbox 320 2846 422 2920; x_wconf 88' lang='lat' dir='ltr'><strong>Nunc</strong></span> <span class='ocrx_word' id='word_1_143' title='bbox 448 2847 493 2919; x_wconf 92' lang='lat' dir='ltr'><strong>ad</strong></span> <span class='ocrx_word' id='word_1_144' title='bbox 517 2846 575 2919; x_wconf 90' lang='lat' dir='ltr'><strong>illa</strong></span> <span class='ocrx_word' id='word_1_145' title='bbox 602 2846 658 2921; x_wconf 86' lang='lat' dir='ltr'><strong>vel</strong></span> <span class='ocrx_word' id='word_1_146' title='bbox 683 2847 923 2946; x_wconf 85' lang='lat' dir='ltr'><strong>gravissimum</strong></span> <span class='ocrx_word' id='word_1_147' title='bbox 949 2843 1088 2917; x_wconf 82' lang='lat' dir='ltr'><strong>accedit</strong></span> <span class='ocrx_word' id='word_1_148' title='bbox 1104 2843 1150 2915; x_wconf 83' lang='lat' dir='ltr'><strong>tui</strong></span> 
     </span>
    </p>
   </div>
   <div class='ocr_carea' id='block_1_5' title="bbox 63 2970 1149 3955">
    <p class='ocr_par' dir='ltr' id='par_1_5' title="bbox 159 2970 887 3052">
     <span class='ocr_line' id='line_1_21' title="bbox 159 2970 887 3052; baseline 0.011 -8"><span class='ocrx_word' id='word_1_149' title='bbox 159 2970 366 3045; x_wconf 89' lang='lat' dir='ltr'><strong>desiderium</strong></span> <span class='ocrx_word' id='word_1_150' title='bbox 381 2976 419 3046; x_wconf 86' lang='lat'><strong>¹³.</strong></span> <span class='ocrx_word' id='word_1_151' title='bbox 884 3047 887 3052; x_wconf 85' lang='lat'>.</span> 
     </span>
    </p>

    <p class='ocr_par' dir='ltr' id='par_1_6' title="bbox 63 3076 1149 3458">
     <span class='ocr_line' id='line_1_22' title="bbox 207 3076 1148 3198; baseline -0.005 -26"><span class='ocrx_word' id='word_1_152' title='bbox 207 3102 231 3192; x_wconf 76' lang='grc'><em>4</em></span> <span class='ocrx_word' id='word_1_153' title='bbox 257 3098 446 3173; x_wconf 87' lang='lat' dir='ltr'><strong>Gabinium</strong></span> <span class='ocrx_word' id='word_1_154' title='bbox 472 3102 517 3197; x_wconf 74' lang='lat' dir='ltr'><strong>si,</strong></span> <span class='ocrx_word' id='word_1_155' title='bbox 541 3116 581 3173; x_wconf 83' lang='lat' dir='ltr'><strong>ut</strong></span> <span class='ocrx_word' id='word_1_156' title='bbox 606 3076 720 3175; x_wconf 81' lang='lat' dir='ltr'><strong>Pausa</strong></span> <span class='ocrx_word' id='word_1_157' title='bbox 734 3103 847 3198; x_wconf 85' lang='lat' dir='ltr'><strong>&#39;putat</strong></span> <span class='ocrx_word' id='word_1_158' title='bbox 864 3099 1079 3197; x_wconf 77' lang='lat' dir='ltr'><strong>oportuisse,</strong></span> <span class='ocrx_word' id='word_1_159' title='bbox 1095 3096 1148 3168; x_wconf 87' lang='lat' dir='ltr'><strong>dc-</strong></span> 
     </span>
     <span class='ocr_line' id='line_1_23' title="bbox 159 3223 1149 3323; baseline -0.006 -28"><span class='ocrx_word' id='word_1_160' title='bbox 159 3223 359 3323; x_wconf 77' lang='lat' dir='ltr'><strong>lendissem,</strong></span> <span class='ocrx_word' id='word_1_161' title='bbox 376 3226 615 3299; x_wconf 85' lang='lat' dir='ltr'><strong>concidissem.</strong></span> <span class='ocrx_word' id='word_1_162' title='bbox 642 3228 712 3323; x_wconf 87' lang='lat' dir='ltr'><strong>Qui</strong></span> <span class='ocrx_word' id='word_1_163' title='bbox 729 3225 826 3297; x_wconf 88' lang='lat' dir='ltr'><strong>illum</strong></span> <span class='ocrx_word' id='word_1_164' title='bbox 843 3224 997 3297; x_wconf 82' lang='lat' dir='ltr'><strong>oderunt</strong></span> <span class='ocrx_word' id='word_1_165' title='bbox 1015 3223 1059 3310; x_wconf 84' lang='lat' dir='ltr'><strong>(ii</strong></span> <span class='ocrx_word' id='word_1_166' title='bbox 1075 3231 1149 3299; x_wconf 79' lang='lat' dir='ltr'><strong>suut</strong></span> 
     </span>
     <span class='ocr_line' id='line_1_24' title="bbox 63 3347 1147 3458; baseline -0.004 -39"><span class='ocrx_word' id='word_1_167' title='bbox 63 3347 65 3352; x_wconf 73' lang='grc'><strong>’</strong></span> <span class='ocrx_word' id='word_1_168' title='bbox 159 3353 224 3421; x_wconf 81' lang='lat' dir='ltr'><strong>toti</strong></span> <span class='ocrx_word' id='word_1_169' title='bbox 257 3351 412 3440; x_wconf 86' lang='lat' dir='ltr'><strong>ordines)</strong></span> <span class='ocrx_word' id='word_1_170' title='bbox 446 3367 591 3454; x_wconf 78' lang='lat' dir='ltr'><strong>propter</strong></span> <span class='ocrx_word' id='word_1_171' title='bbox 621 3379 726 3458; x_wconf 87' lang='lat' dir='ltr'><strong>quem</strong></span> <span class='ocrx_word' id='word_1_172' title='bbox 757 3351 930 3446; x_wconf 78' lang='lat' dir='ltr'><strong>oderunt,</strong></span> <span class='ocrx_word' id='word_1_173' title='bbox 954 3374 1013 3421; x_wconf 89' lang='lat' dir='ltr'><strong>me</strong></span> <span class='ocrx_word' id='word_1_174' title='bbox 1039 3348 1147 3447; x_wconf 87' lang='lat' dir='ltr'><strong>ipsum</strong></span> 
     </span>
    </p>

    <p class='ocr_par' dir='ltr' id='par_1_7' title="bbox 90 3473 1147 3955">
     <span class='ocr_line' id='line_1_25' title="bbox 90 3473 1147 3578; baseline -0.002 -34"><span class='ocrx_word' id='word_1_175' title='bbox 90 3509 98 3512; x_wconf 86' lang='lat'><strong>·</strong></span> <span class='ocrx_word' id='word_1_176' title='bbox 158 3473 272 3547; x_wconf 89' lang='lat' dir='ltr'><strong>odisse</strong></span> <span class='ocrx_word' id='word_1_177' title='bbox 305 3478 508 3578; x_wconf 82' lang='lat' dir='ltr'><strong>coepissent.</strong></span> <span class='ocrx_word' id='word_1_178' title='bbox 539 3480 653 3551; x_wconf 88' lang='lat' dir='ltr'><strong>Tenui</strong></span> <span class='ocrx_word' id='word_1_179' title='bbox 684 3504 759 3576; x_wconf 81' lang='lat' dir='ltr'><strong>me,</strong></span> <span class='ocrx_word' id='word_1_180' title='bbox 790 3490 830 3548; x_wconf 84' lang='lat' dir='ltr'><strong>ut</strong></span> <span class='ocrx_word' id='word_1_181' title='bbox 862 3489 965 3575; x_wconf 67' lang='lat' dir='ltr'><strong>puto,</strong></span> <span class='ocrx_word' id='word_1_182' title='bbox 985 3473 1147 3578; x_wconf 77' lang='lat' dir='ltr'><strong>egregie,</strong></span> 
     </span>
     <span class='ocr_line' id='line_1_26' title="bbox 158 3597 1144 3708; baseline 0 -38"><span class='ocrx_word' id='word_1_183' title='bbox 158 3612 294 3674; x_wconf 88' lang='lat' dir='ltr'><strong>tantum</strong></span> <span class='ocrx_word' id='word_1_184' title='bbox 319 3605 548 3704; x_wconf 71' lang='lat' dir='ltr'><strong>olfacerem,</strong></span> <span class='ocrx_word' id='word_1_185' title='bbox 573 3619 740 3708; x_wconf 76' lang='lat' dir='ltr'><strong>quantum</strong></span> <span class='ocrx_word' id='word_1_186' title='bbox 767 3629 887 3676; x_wconf 89' lang='lat' dir='ltr'><strong>omnes</strong></span> <span class='ocrx_word' id='word_1_187' title='bbox 911 3600 1080 3674; x_wconf 76' lang='lat' dir='ltr'><strong>viderent.</strong></span> <span class='ocrx_word' id='word_1_188' title='bbox 1105 3597 1144 3669; x_wconf 82' lang='lat' dir='ltr'><strong>El</strong></span> 
     </span>
     <span class='ocr_line' id='line_1_27' title="bbox 158 3725 1142 3831; baseline 0.001 -37"><span class='ocrx_word' id='word_1_189' title='bbox 158 3725 312 3799; x_wconf 88' lang='lat' dir='ltr'><strong>inomni</strong></span> <span class='ocrx_word' id='word_1_190' title='bbox 340 3757 488 3831; x_wconf 74' lang='lat' dir='ltr'><strong>summa,</strong></span> <span class='ocrx_word' id='word_1_191' title='bbox 513 3748 552 3804; x_wconf 89' lang='lat' dir='ltr'><strong>ut</strong></span> <span class='ocrx_word' id='word_1_192' title='bbox 577 3759 713 3830; x_wconf 81' lang='lat' dir='ltr'><strong>mones,</strong></span> <span class='ocrx_word' id='word_1_193' title='bbox 747 3730 849 3805; x_wconf 86' lang='lat' dir='ltr'><strong>valde</strong></span> <span class='ocrx_word' id='word_1_194' title='bbox 882 3756 939 3802; x_wconf 85' lang='lat' dir='ltr'><strong>mc</strong></span> <span class='ocrx_word' id='word_1_195' title='bbox 970 3725 1017 3800; x_wconf 89' lang='lat' dir='ltr'><strong>ad</strong></span> <span class='ocrx_word' id='word_1_196' title='bbox 1043 3726 1142 3800; x_wconf 80' lang='lat' dir='ltr'><strong>otium</strong></span> 
     </span>
     <span class='ocr_line' id='line_1_28' title="bbox 158 3873 549 3955; baseline 0.015 -31"><span class='ocrx_word' id='word_1_197' title='bbox 158 3877 348 3955; x_wconf 86' lang='lat' dir='ltr'><strong>pacemque</strong></span> <span class='ocrx_word' id='word_1_198' title='bbox 375 3873 549 3932; x_wconf 88' lang='lat' dir='ltr'><strong>converto.</strong></span> 
     </span>
    </p>
   </div>
   <div class='ocr_carea' id='block_1_6' title="bbox 0 0 1321 4852">
    <p class='ocr_par' dir='ltr' id='par_1_8' title="bbox 0 0 1321 4852">
     <span class='ocr_line' id='line_1_29' title="bbox 0 0 1321 4852; baseline 0 0"><span class='ocrx_word' id='word_1_199' title='bbox 0 0 1321 4852; x_wconf 95' lang='lat' dir='ltr'><strong> </strong></span> 
     </span>
    </p>
   </div>
  </div>
 </body>
</html>
