2632 4852
267 342 316 419 9⁰
586 339 760 394 ¹rrrsrott
785 340 914 390 cxtvrr.
1043 339 1075 388 t.
1091 343 1126 390 v.
1143 343 1173 391 c.
1189 343 1241 406 ⁶99

266 442 386 517 bernis
409 439 590 514 iniectusl
614 441 700 514 mihi
724 440 861 515 videris.
893 442 1016 543 Itaque
1044 453 1081 514 te
1106 467 1266 520 commo·-

266 588 350 644 vere
372 593 445 642 non
471 593 579 641 curas.
611 602 629 635 u
653 568 912 669 Vsquequaque
936 593 1059 670 sapere
1083 585 1228 673 oportet
1238 575 1263 645 ⁵.

274 727 292 762 a
314 694 358 768 Id
382 695 449 769 erit
472 693 580 768 telum
606 694 811 767 acerrimum
829 726 864 767 n.
901 695 979 793 Ego
1004 695 1034 767 si
1057 693 1142 769 foris
1168 698 1264 771 ceni-

266 833 391 920 tarem,
412 821 476 894 Cn
502 820 670 919 Octavio,
694 818 851 893 familiari
876 832 953 918 tuo,
969 843 1042 893 non
1067 817 1265 896 defuissem.

267 948 333 1022 Cui
357 962 477 1022 tamen
509 945 603 1046 dixi,
640 972 748 1047 quum
778 971 836 1019 me
869 944 1264 1051 aliquoties—invitaret:

267 1074 420 1174 orote,
451 1073 528 1174 quis
560 1087 598 1145 tu
629 1071 721 1147 esl⁶
745 1071 816 1145 Sed
846 1070 1061 1171 mehercule,
1090 1086 1188 1148 extra
1211 1075 1265 1148 io·

265 1225 365 1296 cum,
388 1198 498 1273 homo
520 1197 633 1272 bellus
658 1212 720 1271 est
745 1196 883 1271 Vellem
908 1224 989 1273 eum
1012 1211 1131 1272 tecum
1156 1197 1266 1273 abdu-

265 1326 410 1397 xissesr.
427 1324 524 1418 Quid
540 1327 666 1424 agatis,
690 1338 727 1397 et
751 1323 879 1426 ecquid
901 1324 939 1396 in
962 1323 1099 1397 Italiam
1123 1327 1266 1398 venturi

266 1450 341 1523 sitis
373 1450 440 1523 hac
472 1450 585 1524 hieme
602 1454 628 1550 ⁸,
660 1450 714 1524 fac
747 1449 1264 1551 planesciam.Belbusmil1i

267 1578 509 1679 confirmavit,
533 1591 568 1650 te
597 1577 743 1652 divitem
774 1575 937 1650 littorum.
974 1575 1019 1650 Id
1050 1589 1168 1649 utrum
1192 1577 1263 1650 Ro·

266 1728 373 1776 mano
398 1729 497 1777 more
521 1702 659 1777 locutus
684 1705 748 1804 sit,
778 1703 868 1776 bene
899 1716 1120 1776 nummatum
1146 1714 1181 1775 te
1210 1702 1263 1775 fu-

270 1841 402 1927 tunrm,
435 1856 497 1929 an,
529 1831 708 1932 quomodo
734 1831 844 1904 Stoici
868 1830 1008 1929 dicunt,
1036 1855 1159 1905 omues
1189 1855 1264 1903 esse

268 1953 394 2028 divites
412 1973 440 2055 9,
464 1957 524 2058 qui
556 1950 652 2031 caelo
685 1972 721 2030 et
753 1970 843 2030 terra
868 1956 935 2029 lini
960 1957 1114 2055 possint,
1139 1968 1262 2055 postea

266 2081 400 2156 videro.
434 2085 506 2175 Qui
536 2085 640 2157 istinc
665 2085 828 2181 veniunt,
859 2081 1058 2183 superbiam
1083 2095 1181 2153 tuam
1205 2107 1262 2154 ac-

266 2224 405 2308 cusant,
423 2210 520 2310 quod
544 2195 672 2309 negent
686 2226 715 2260 ¹⁰
733 2224 768 2282 te
786 2206 1096 2309 percunctantibus
1119 2233 1262 2307 respon·

267 2331 358 2406 dere.
375 2334 445 2407 Sed
462 2350 580 2408 tamen
598 2350 650 2408 est
668 2335 764 2437 quod
780 2334 930 2432 gaudeas
944 2348 983 2407 ¹¹.
1005 2335 1155 2407 Constat
1171 2332 1263 2406 enim

266 2461 359 2533 inter
384 2486 522 2560 omnes,
548 2463 721 2535 neminem
740 2474 775 2533 te
792 2486 864 2533 uno
890 2457 1157 2534 Samarobrivae
1180 2458 1262 2533 iuris

266 2586 468 2684 peritiorem
494 2613 577 2660 esse.
1084 2581 1087 2587 ⁷

671 2832 865 2906 CXLVIII.
1049 2866 1240 2929 (trorum)

268 3008 486 3088 Argumentum.
510 3033 520 3069 1
544 3010 682 3070 Primum
703 3009 823 3071 Lentuli
853 3008 954 3069 literas
984 3006 1040 3067 sibi
1061 3005 1260 3089 periucundus

307 3115 397 3175 fuisse
419 3116 622 3188 demonstrat,
653 3115 736 3198 quod
761 3126 847 3197 grata
878 3134 1023 3194 suderge
1043 3113 1145 3194 ipsum
1166 3110 1260 3173 studia

307 3242 370 3281 esse
389 3225 554 3304 scripserit,
574 3244 705 3304 eumque
724 3223 913 3306 imperatoris
933 3222 1055 3280 nomine
1076 3231 1219 3280 ornatum
1232 3226 1260 3277 et

305 3331 492 3410 provinciam
525 3351 596 3391 cum
623 3333 754 3392 exercitu
784 3332 899 3391 victore
923 3327 1060 3389 obtinere
1086 3328 1261 3389 laetatura

305 3436 440 3510 Deinde,
460 3438 541 3517 quod
561 3438 707 3499 Lentulus
727 3439 901 3520 scripserat,
914 3456 945 3497 se
959 3435 1042 3516 quod
1065 3434 1174 3498 Cicero
1195 3451 1261 3495 cum

266 3593 270 3597 .
307 3540 433 3604 Caesare
445 3555 478 3606 et
488 3547 586 3627 Appio
600 3548 631 3607 iu
646 3549 742 3629 gratia
756 3547 808 3616 sit,
820 3543 902 3604 ha'ud
916 3540 1150 3625 reprehendere,
1160 3540 1260 3616 mirari

268 3701 271 3704 .
308 3660 410 3710 tamen
431 3650 504 3733 quid
524 3654 580 3726 sit,
601 3652 685 3734 quod
703 3653 859 3715 Vatiuium
879 3649 1044 3711 defenderit
1063 3670 1100 3709 uc
1119 3647 1262 3719 laudarit3

310 3753 328 3812 3
349 3757 448 3836 primo
469 3757 537 3818 Ioco
557 3758 622 3839 fuse
648 3760 769 3840 exponit
798 3757 907 3841 quibus
931 3754 1099 3818 rationibus
1118 3753 1261 3815 adductus

314 3859 469 3928 Caesarem
499 3863 555 3928 sibi
582 3863 748 3928 ornandum
779 3866 912 3948 putarit,
939 3866 1062 3943 eiusque
1091 3862 1262 3945 dignitatem
