2632 4852
260 329 326 383 rio
573 325 743 376 nrrsrom
770 328 915 376 exnunc.
1028 328 1058 375 Α.
1077 332 1110 375 v.
1130 330 1160 377 c.
1177 330 1229 392 ⁶99

253 429 388 509 iudiciis
406 442 555 525 senatus,
571 428 618 501 ad
633 429 881 505 auctoritatem
897 430 970 503 cius
985 428 1119 504 ordinis
1129 431 1255 512 adiun-

253 569 405 653 geretur,
429 551 514 624 nulli
533 551 696 653 improbo
714 553 784 626 civi
800 553 899 627 locus
916 553 963 627 ad
980 580 1054 628 rem
1071 555 1253 656 publicam

252 680 452 756 violandam
484 705 559 752 esse
591 670 771 780 potuisset.
806 677 878 751 Sed
910 681 1052 754 attende
1064 737 1075 781 ,
1099 708 1254 784 quaeso,

252 808 340 907 quae
361 820 449 889 'sunt
472 819 668 879 consecuta.
700 806 858 878 Primum
883 803 943 879 illa
968 806 1057 880 furia
1075 805 1109 874 ⁷4
1135 807 1255 882 mulie

251 934 365 1039 brium
391 932 620 1032 religionum,
644 931 704 1033 qui
729 957 801 1004 non
826 930 936 1034 pluris
962 933 1091 1012 fecerat
1113 935 1254 1008 Bonam

252 1060 354 1162 deam
366 1115 377 1158 ,
402 1085 507 1161 quam
532 1045 786 1159 trcs'sorores,
816 1060 1064 1159 impunitatem
1096 1073 1152 1133 est
1175 1059 1253 1134 illo-

250 1212 328 1259 rum
347 1187 378 1251 75
403 1178 585 1259 sententiis
607 1199 805 1284 assecutus,
838 1186 900 1286 qui
928 1194 1065 1286 (quum
1089 1185 1252 1263 tribunus

250 1311 363 1412 plebis
381 1316 412 1379 ⁷⁶
437 1337 569 1413 poenas
596 1339 615 1385 a
640 1311 808 1386 seditioso
834 1313 903 1386 civi
928 1309 1133 1416 perbonos
1158 1314 1253 1386 viros

250 1438 380 1517 iudicio
399 1458 428 1504 7⁷
455 1441 617 1540 persequi
642 1438 773 1528 vellet)
797 1437 995 1537 exemplum
1020 1435 1253 1537 praeclarissi-

250 1541 346 1637 mum
379 1567 416 1638 in
452 1581 635 1666 postorum
666 1564 898 1638 vindicandae
930 1562 1113 1636 seditionis
1145 1563 1250 1636 dere

250 1683 392 1796 publica
416 1690 651 1790 sustulerunt,
683 1689 859 1792 iidemque
885 1703 1008 1789 postea
1034 1714 1109 1762 non
1134 1715 1250 1762 meum

251 1803 518 1923 monumentum
542 1825 643 1906 (non
675 1817 772 1888 enim
804 1815 882 1888 illae
914 1809 1101 1888 manubiae
1134 1841 1250 1916 meae,

253 1941 316 2023 sed
341 1945 455 2043 operis
478 1942 608 2016 locatio
625 1967 703 2017 mea
720 1941 865 2040 fuerat),
881 1954 1152 2016 monumentum
1168 1966 1250 2016 vero

251 2082 391 2146 senatus
404 2070 449 2168 7⁸,
472 2067 590 2142 hostili
615 2068 776 2166 nomine,
799 2081 835 2141 et
860 2067 1012 2141 cruentis
1037 2067 1197 2141 inustum
1211 2065 1249 2139 li·

251 2197 332 2268 teris
357 2221 432 2268 csse
457 2194 552 2295 passi
576 2207 666 2266 sunt
694 2194 766 2286 Qui
791 2219 847 2266 me
872 2193 1036 2266 homines
1062 2192 1161 2294 quod
1187 2192 1250 2269 sal·

251 2302 335 2393 inin
361 2347 435 2400 esse
462 2321 651 2396 voluerunt
662 2375 673 2420 ,
710 2334 764 2393 est
794 2318 880 2393 mihi
909 2319 1167 2419 gratissimum:
1193 2317 1250 2392 sed

252 2445 379 2530 vellem
402 2472 476 2519 non
510 2447 624 2521 solum
656 2445 777 2523 salutis
808 2472 924 2544 meae,
954 2427 1250 2547 quemadmodum

251 2561 398 2672 medici,
424 2572 506 2671 sed,
531 2560 570 2646 ut
602 2572 750 2674 aliptae,
782 2573 888 2645 etiam
912 2571 1039 2646 virium
1064 2585 1102 2643 et
1127 2569 1249 2644 coloris

251 2697 422 2769 rationem
446 2697 574 2772 habere
600 2699 801 2772 voluissent.
827 2698 947 2795 Nunc,
963 2712 1004 2778 ut
1018 2681 1163 2796 Apellea
1182 2697 1250 2789 Ve-

251 2824 342 2901 neris
368 2838 474 2924 caput
505 2840 541 2898 et
573 2852 707 2901 summa
743 2826 896 2924 pectoris
934 2822 1146 2924 politissima
1179 2835 1249 2896 arte

250 2949 414 3051 perfecit,
439 2953 606 3059 reliquam
631 2964 768 3051 partem
793 2950 949 3050 corporis
975 2948 1182 3021 inchoatam
1198 2973 1248 3022 re·

250 3072 352 3175 liquit
370 3095 421 3180 ⁷93
456 3081 505 3150 sic
531 3077 673 3178 quidam
698 3078 856 3150 homines
882 3077 919 3147 in
944 3076 1062 3173 capito
1087 3099 1169 3151 meo
1195 3099 1247 3146 so·

250 3198 324 3272 lum
349 3201 587 3302 elaborarunt,
612 3202 782 3304 reliquum
808 3228 934 3302 corpus
949 3203 979 3250 ⁸⁰
1004 3200 1248 3300 imperfectum

252 3309 291 3400 ac
317 3328 404 3401 rude
429 3329 649 3430 reliquerunt.
675 3332 717 3403 In
743 3356 813 3431 quo
839 3353 904 3429 ego
930 3352 1030 3427 spem
1054 3325 1164 3399 fefelli
1181 3329 1248 3398 n'on

250 3453 358 3535 modo
384 3455 599 3553 invidorum,
617 3457 679 3531 sed
697 3459 802 3529 etiam
826 3456 1049 3533 inimicomm
1071 3474 1246 3526 meorum:

219 3581 222 3587 ’
251 3579 310 3677 qui
337 3580 380 3653 de
405 3607 476 3655 uno
503 3584 669 3655 acerrimo
695 3598 731 3655 et
755 3583 942 3656 fortissimo
972 3581 1068 3675 viro,
1101 3599 1246 3676 meoque

251 3704 397 3805 iudicio,
422 3710 579 3781 omnium
603 3710 841 3806 magnitudine
867 3708 973 3780 animi
997 3720 1033 3777 et
1051 3702 1246 3779 constantia

253 3834 564 3930 praestantissimO,
591 3838 633 3927 Q.
661 3835 815 3933 Metello,
844 3835 943 3908 Lucii
960 3832 1051 3929 filio,
1070 3826 1243 3932 quondam
