2632 4852
158 297 205 394 54
352 318 354 322 ·
498 318 667 395 urrsrom
692 320 795 368 exin.
928 319 1010 368 nv.
1032 321 1128 372 osso

158 451 263 526 quam
287 448 408 496 omnes
432 420 574 521 quidem
597 421 739 494 iudices.
767 421 915 494 Messius
931 419 962 487 41
991 421 1154 496 deiende·

155 549 261 624 batur
285 575 305 621 a
329 547 483 646 nobis7e
507 546 680 645 legatione
706 560 891 620 revocatus
903 543 946 618 4².
962 547 1056 621 Nam
1073 575 1153 622 eum

156 669 295 748 Caesari
325 672 457 772 legarat
471 670 505 738 4³
530 672 675 773 Appius.
716 670 879 747 Servilius
896 669 931 739 44
955 671 1087 774 edixit,
1114 686 1153 746 ut

156 799 302 873 adesset.
326 797 456 897 Tribus
480 797 588 871 habet
603 790 848 898 Pomptinam,
864 795 1026 872 Velinum
1032 839 1043 897 ‚-
1060 799 1153 904 Mae-

157 927 255 999 ciam.
280 928 461 1023 Pugnatur
485 924 625 997 aoriter:
651 923 764 1029 agitur
788 938 906 996 tamen
928 923 1011 996 satis
1022 921 1067 994 4⁵.
1083 896 1166 998 De·¹

131 1051 239 1124 inde
256 1058 320 1122 'me
345 1048 493 1149 expedio
519 1048 565 1121 ad
589 1051 740 1122 Drusum
747 1105 757 1148 7
790 1048 873 1120 inde
899 1048 946 1123 ad
971 1042 1152 1125 Scaurum.

155 1177 328 1250 Parantur
352 1174 565 1247 orationibus
589 1174 722 1247 indices
748 1173 896 1271 gloriosi.
918 1171 960 1244 44.
985 1171 1151 1248 Fortasse

158 1300 326 1372 accedent
350 1300 454 1371 etiam
480 1299 639 1372 consules
665 1297 835 1398 designati
848 1296 897 1372 4⁷:
913 1301 951 1372 in
971 1299 1101 1403 quibus
1125 1301 1152 1374 si

72 1491 75 1503 ‚
157 1423 307 1497 Scaurus
340 1441 412 1497 non
446 1424 569 1523 firerit,
599 1425 638 1497 in
668 1422 737 1497 hoo
769 1424 902 1497 iudicio
927 1424 1031 1498 valde
1055 1424 1153 1499 labo·

156 1546 257 1624 rabit.

206 1681 230 1755 8
254 1678 310 1753 Ex
336 1676 464 1766 Quinti*
483 1675 596 1768 fratris
626 1674 735 1748 literis
768 1676 943 1775 suspicor,
975 1677 1052 1769 iam
1073 1703 1151 1771 eum

157 1828 232 1878 esse
261 1804 298 1876 in
328 1779 507 1882 Britannia
515 1799 564 1873 44.
602 1800 778 1902 Suspenso
813 1803 932 1876 animo
964 1816 1153 1903 exspecto²

157 1927 243 2029 quid
268 1926 473 2026 agat'illud
498 1925 640 2028 quidem
663 1953 781 2003 sumus
798 1925 1051 2028 adepti7quod
1067 1926 1152 2001 mul«

157 2053 208 2129 tis·
227 2067 264 2126 ot
288 2054 423 2152 magnis
440 2052 578 2125 indiciis
595 2058 780 2153 possumus
796 2053 967 2152 iudicare,
982 2079 1052 2127 nos
1070 2056 1151 2129 Cae·

156 2180 225 2254 sam'
250 2192 286 2251 et
311 2180 506 2253 carissimos
530 2193 566 2252 et
589 2178 858 2252 iucundissimos
883 2205 966 2252 esse.

205 2332 230 2404 9
255 2305 463 2404 Dronysrum
488 2303 592 2380 velim
618 2306 751 2413 salvere
774 2305 910 2404 iubeas,
935 2319 971 2378 et
996 2330 1079 2377 eum
1097 2329 1151 2378 ro·

158 2455 217 2527 ges
242 2443 278 2502 et
302 2429 458 2529 hortere,
482 2443 523 2502 ut
548 2410 804 2530 quamprimum
829 2432 946 2505 veniat
958 2429 1001 2535 49,
1018 2435 1063 2509 ut
1064 2457 1152 2557 ΡΡε-

157 2555 203 2626 sit
236 2535 442 2627 Ciceronem
473 2580 590 2629 meum
600 2610 613 2653 ,
645 2570 748 2657 atque
786 2556 891 2657 etiam
926 2582 982 2633 me
1002 2541 1152 2666 ipsum,

157 2677 304 2754 erudire

731 2883 737 2898 ·
904 2866 1010 2927 (rann
1012 2866 1091 2927 vsu,
1103 2866 1132 2922 o)

87 3055 88 3058 ,
112 3049 116 3055 ,
156 2998 377 3076 ammom.
402 3021 412 3058 1
437 3000 520 3062 Scire
525 3006 624 3086 cupit
643 3003 717 3084 quid
737 3014 808 3090 agat
824 3001 1008 3098 Trebatius,
1027 2960 1152 3096 mouet-

197 3125 256 3184 que
276 3126 315 3166 ne
334 3108 367 3166 in
386 3106 493 3169 urbem
514 3109 613 3171 redire
632 3122 830 3195 properet.
800 3129 822 3170 2
844 3110 897 3170 Cn.
913 3084 1043 3193 Octauii
1055 3111 1165 3181 euius·v

196 3209 266 3273 dam
287 3212 421 3280 crebra
413 3217 586 3302 invitatione
604 3235 635 3277 se
655 3215 755 3277 adhuc
770 3186 864 3277 nihil
860 3202 923 3315 esse
937 3237 1027 3276 usum
1041 3202 1153 3278 scribit

282 3370 336 3425 Sor.
355 3371 496 3426 Romen.
515 3373 547 3425 V.
565 3373 595 3425 c
614 3374 757 3443 ocxclx,
776 3392 868 3428 mense
878 3375 995 3427 Sextilii
987 3383 1039 3426 1.n

407 3497 451 3586 n
476 3523 619 3637 cronno
644 3524 843 3594 sarrano
871 3526 925 3590 s
993 3505 1017 3535 ⁵

209 3690 329 3762 rlam
354 3690 480 3767 diu¹
470 3711 612 3790 ignoro,
632 3694 717 3794 quid
741 3718 831 3792 agas.
849 3635 949 3767 Nihil
964 3693 1059 3764 enim
1074 3716 1154 3764 son-

114 3893 126 3912 .
154 3810 225 3908 bis5
259 3840 371 3917 neque
403 3844 466 3916 ego
494 3819 539 3895 ad
564 3833 598 3892 te
624 3821 678 3893 his
705 3820 841 3893 duobus
867 3817 1045 3892 mensibus
1071 3815 1151 3890 scri·
