2632 4852
258 307 325 380 162
624 325 794 375 urrsrou
820 329 900 374 cun.
1025 327 1107 378 nv.
1126 331 1156 376 c.
1175 327 1226 381 osc
1281 369 1287 372 ,

252 458 340 534 puer
364 432 472 528 magis
497 427 556 501 isso
583 427 830 504 declamatorio
863 453 988 529 genere
1018 427 1105 502 duci
1127 443 1164 502 et
1189 430 1251 503 de-

251 559 371 632 lectan'
396 555 542 630 videtur.
568 555 611 626 In
637 581 706 655 quo
732 553 898 655 quoniam
924 555 993 654 ipsi
1017 579 1159 656 qrroque
1184 553 1251 627 sui-

251 711 329 758 mus
336 740 347 783 ‚
363 683 537 782 patiamur
555 678 653 752 illum
677 681 727 783 ire
751 679 881 752 nostn's
904 679 1104 779 itineribus3
1123 679 1250 754 eodem

252 798 343 883 enim
362 791 620 910 'perventurum
652 831 726 879 esse
759 805 975 880 confidimus.
1008 805 1079 877 Sed
1108 819 1251 903 tamen,

251 935 281 1009 si
294 933 488 1009 >uobiscum
514 959 594 1005 eum
618 959 676 1005 rus
703 931 820 1034 aliquo
846 931 1083 1032 eduxerimus,
1103 931 1142 1005 iu
1159 931 1250 1005 hanc

251 1074 408 1132 nostram
438 1060 610 1136 rationem
644 1057 1002 1158 consuetudinemque
1031 1056 1248 1131 inducemus.

252 1187 380 1284 Magna
416 1186 509 1257 enim
544 1183 646 1256 nobis
680 1211 701 1256 a
734 1198 769 1256 tc
794 1185 977 1284 proposita
1010 1209 1145 1256 merces
1177 1196 1249 1288 est²

253 1337 357 1410 quam
383 1325 476 1382 certe
501 1323 620 1382 nostra
653 1310 756 1410 culpa
790 1336 981 1410 numquam
1010 1310 1126 1382 minus
1159 1335 1248 1382 asse-

252 1442 405 1536 quemur.
439 1435 575 1528 Quibus
599 1436 637 1508 in
661 1434 765 1533 iocis,
791 1449 826 1507 et
851 1460 919 1536 qua
942 1445 1012 1535 'spe
1033 1434 1246 1509 hiematurus

251 1560 325 1659 sis,'
356 1555 402 1635 ad
433 1588 488 1637 me
522 1587 627 1667 quam
664 1560 923 1661 diligentissime
961 1538 1094 1635 scribas
1132 1559 1244 1638 velim.

251 1685 350 1758 Vale.

689 1841 808 1917 CLIII·
889 1892 891 1897 ’
948 1881 1002 1938 (Μ
1018 1880 1049 1936 Q·
1063 1858 1224 1940 hemis)

290 2123 470 2204 scriptorum
484 2120 654 2194 infantiam,
668 2121 730 2183 iudi
750 2123 771 2182 ii
785 2122 900 2194 sordes,
921 2133 952 2182 et
963 2122 1105 2206 Pompeii
1126 2132 1244 2182 conten·

250 1990 469 2109 depromentem.
495 2035 505 2075 ι
529 2017 576 2075 De
597 1988 882 2320 Gabijiypropter
911 2016 1092 2077 accusatoris
1120 2027 1151 2077 et
1176 2014 1244 2076 sub-

290 2229 403 2289 tionem
424 2226 578 2299 absoluto,
600 2228 688 2288 scribi
708 2272 718 2300 ‚
738 2240 768 2290 et
788 2251 883 2310 quare
902 2250 973 2298 eum
993 2249 1049 2289 uec
1069 2224 1245 2299 defenderit,

289 2354 344 2395 nec
363 2336 526 2406 accusarit,
545 2335 598 2395 sed
618 2346 736 2395 tantum
756 2338 962 2396 testimonium
982 2346 1089 2395 eontm
1109 2355 1179 2399 eum
1200 2334 1245 2394 di-

290 2440 381 2509 xerit,
402 2439 546 2516 ostendit3
567 2461 585 2500 n
605 2441 643 2501 de
664 2441 800 2503 versibus
821 2463 898 2524 quos
919 2442 957 2519 Q.
976 2438 1083 2503 Cicero
1104 2464 1124 2502 a
1143 2442 1242 2502 Macco

289 2543 378 2603 scribi
397 2544 547 2622 voluerat3
568 2549 586 2607 3
607 2547 645 2608 de
665 2547 849 2613 bibliotheca
871 2551 976 2626 Quinti
999 2548 1148 2623 curanda3
1169 2548 1190 2625 4
1208 2546 1244 2621 de

289 2649 355 2712 aliis
376 2651 556 2731 quibusdam
577 2654 757 2716 domesticis.
1121 2658 1125 2667 ⁴

402 2833 453 2884 Ser.
474 2835 614 2886 tomaen.
634 2836 667 2886 V.
687 2836 878 2902 C.DCXC1X,
896 2836 933 2889 lx
950 2835 1010 2888 Kal.
1029 2836 1098 2890 Nor.
1150 2898 1152 2902 y
1195 2843 1198 2850 '

524 3006 682 3069 muers
708 3009 745 3085 Q.
765 3008 912 3071 rursm
937 3010 966 3069 s,

238 3267 240 3270 ,
304 3218 316 3263 ι
348 3191 518 3265 Gabinius
543 3193 721 3267 absolutus
747 3210 801 3267 est
819 3211 842 3264 ¹.
869 3196 1024 3268 Omnino
1041 3196 1132 3268 nibil
1149 3222 1243 3269 accu-

248 3329 362 3389 satore
387 3319 558 3416 Lentulo‚
583 3319 946 3423 subscriptoribusque
972 3324 1046 3395 eius
1063 3321 1241 3418 infantium

247 3440 335 3512 nihil
359 3442 419 3515 illo
453 3445 597 3518 consilio
631 3447 813 3520 sordidius.
844 3448 914 3520 Sed
939 3463 1076 3548 tamen,
1101 3449 1170 3522 uisi
1192 3450 1239 3519 in·

249 3566 422 3641 credibilis
449 3572 644 3669 contentio,
660 3588 695 3645 et
711 3599 833 3673 preces
850 3576 1025 3674 Pompeii,
1052 3573 1239 3647 dictaturae

247 3693 353 3766 etiam
370 3722 506 3794 rumor,
531 3697 654 3796 plenus
679 3701 830 3799 timoris,
847 3702 981 3798 fuisset,
1005 3703 1074 3801 ipsi
1091 3698 1233 3775 Lentulo

245 3832 316 3887 nou
342 3823 594 3921 respondisset,
620 3827 679 3927 qui
699 3840 771 3898 tum
788 3826 848 3900 illo
867 3841 1088 3924 accusatore,
1111 3827 1228 3926 illoque
