2632 4852
548 360 583 404 rr
612 359 799 408 nrrsroms
922 344 924 355 ’
980 411 983 418 ,
1100 340 1164 413 261

212 463 320 543 politae
340 458 473 541 produnt
493 459 603 534 magis,
624 480 715 540 quam
734 470 845 538 artem3
866 459 976 541 quibas
992 459 1106 532 verbis,
1127 464 1169 524 ait

211 568 380 636 Manutius,
400 565 467 646 plus
488 566 517 624 in
539 566 679 625 Lucretio
700 566 832 626 declarat
853 568 979 646 ingenii,
1005 588 1095 647 quiam
1118 589 1168 628 ar·
1249 578 1251 582 “

211 677 256 732 tis.
279 669 492 751 significantur
513 669 597 731 Libri
619 672 662 732 Vl
683 670 721 730 de
742 672 850 730 Reman
875 683 989 732 riarum.
1019 672 1167 733 Iudicium
1218 699 1219 706 ¹

179 839 181 845 ,
210 779 333 855 Quinti,
353 779 415 837 sive
436 777 548 848 Marci,
568 776 663 838 simile
684 789 728 839 est
748 776 859 837 iudicio
873 776 1030 838 hominum
1047 789 1167 843 nostrae

211 885 324 944 aetatis.
345 884 475 961 Quintus
496 894 561 944 erat
580 889 688 965 po'eta,
708 882 790 966 quod
812 882 982 962 tragoediae
1003 886 1066 944 eius
1088 884 1167 945 indi-

212 1001 282 1050 cant
309 992 340 1048 in
360 1009 406 1072 ep.
427 988 541 1060 CLlX,
560 989 594 1060 6,
615 989 711 1049 CLIV
731 999 761 1049 et
781 988 916 1060 CXLIV,
935 989 964 1065 4.
990 989 1164 1050 Ciceronem
1231 1063 1237 1073 ι

211 1095 385 1156 emendasse
411 1105 441 1155 et
467 1094 593 1155 edidisse
620 1095 751 1154 Lucretii
772 1099 926 1176 po‘e'mata,
946 1106 1049 1156 narrat
1069 1096 1165 1156 Euse-
1205 1083 1208 1090 ⁴

210 1199 278 1260 hius
292 1202 322 1260 in
334 1199 496 1260 Chronico.
511 1199 555 1260 Ex
573 1219 635 1280 quo
650 1199 759 1259 inferre
775 1219 947 1280 possumus,
960 1199 1018 1260 hoc
1030 1211 1166 1283 tempore

209 1318 239 1366 et
259 1305 452 1367 emendandis
473 1308 630 1388 poematiis
651 1306 781 1366 Lucretii
803 1306 938 1366 Marcum
961 1327 1085 1389 operam
1106 1310 1164 1367 im-

208 1413 361 1494 pendisse,
381 1423 411 1471 et
431 1411 542 1471 factum
563 1432 619 1494 pro
642 1414 678 1471 iis
703 1432 852 1493 pugnare,
877 1414 927 1492 qui
949 1424 1078 1472 mortem
1098 1413 1161 1472 Lu-

208 1521 291 1578 cretii
312 1538 391 1578 anno
413 1518 449 1579 V.
471 1517 502 1576 C.
523 1516 583 1599 698
604 1517 758 1578 collocant.
774 1519 846 1576 Nam
862 1516 1077 1578 emendationis
1092 1539 1163 1600 pro·
1225 1559 1230 1568 -

206 1626 306 1705 prium
327 1635 445 1705 tempus
467 1644 530 1683 esse
550 1622 669 1684 videtur
690 1623 779 1695 illud,
797 1644 892 1704 quum
912 1635 1017 1684 auctor
1035 1626 1083 1683 vix
1099 1626 1161 1684 vita

206 1728 325 1789 iunctus
346 1739 404 1804 est3
426 1729 509 1809 quod
529 1751 627 1809 aeque
647 1728 797 1789 eruditum
819 1729 967 1790 Clericum
989 1729 1074 1810 fugit.

171 1856 202 1896 11
228 1834 263 1893 ld
283 1845 327 1894 est
349 1835 456 1894 fortem
478 1846 508 1894 et
529 1838 689 1917 patientem
710 1847 739 1896 et
760 1835 844 1895 malis
869 1839 1027 1909 invictum,
1055 1839 1077 1897 si
1105 1858 1160 1919 po-

204 1943 297 2002 tueris
318 1941 410 2012 ferre,
431 1941 507 2002 idest
526 1943 672 2023 patienter
692 1941 806 2022 legere,
828 1962 880 2002 seu
900 1943 1004 2003 audire
1024 1953 1085 2002 tam
1113 1945 1159 2003 in·

205 2046 327 2108 doctum
348 2051 465 2129 po‘e‘ma
487 2047 645 2107 Hominem
664 2067 723 2107 non
741 2049 869 2126 putabo,
889 2048 979 2118 idest,
1000 2046 1113 2129 putabo
1131 2059 1160 2108 te

203 2157 300 2214 omnis
314 2152 513 2215 humanitatis
526 2147 694 2236 expertem,
710 2153 822 2226 ferum,
833 2156 1009 2225 immanem,
1029 2174 1082 2214 seu
1095 2174 1160 2216 sen-

202 2279 252 2319 sus
273 2270 433 2341 expertem.
458 2259 558 2321 Lumb.

168 2376 207 2425 ra
224 2367 325 2426 Instar
336 2387 479 2426 versuum
493 2365 704 2448 Empedoclis,
717 2365 764 2425 vel
778 2368 866 2425 etiam
882 2367 1158 2448 interpretationem

201 2475 302 2554 operis
330 2472 456 2532 alicuius
482 2472 691 2554 Empedoclis,
717 2471 856 2553 explanat
884 2471 1025 2541 Clericus.
1053 2473 1158 2550 Quare

200 2599 263 2637 non
282 2599 358 2659 opus
380 2578 501 2659 aliquod
515 2580 726 2660 primigenium
741 2578 779 2638 de
792 2577 992 2659 Empedocle‚
1011 2591 1099 2660 puta,
1119 2579 1158 2639 de

183 2682 397 2766 ¹Philosophia
414 2684 624 2766 Empedoclis,
646 2696 678 2744 ut
692 2686 859 2766 suspicatur
874 2684 1046 2744 Ernestiusl
1068 2685 1156 2744 Certe

199 2786 402 2848 Hortensiana
423 2791 484 2871 (ep.
506 2789 591 2862 ClX,
615 2793 648 2869 2)
676 2793 739 2872 ipse
766 2790 898 2850 Clericus
924 2810 984 2849 non
1013 2792 1093 2871 cepit
1118 2789 1156 2848 de

199 2896 311 2976 scripto
331 2897 425 2955 instar
446 2916 572 2977 operum
594 2895 760 2967 Hortensii,
781 2895 826 2956 vel
849 2895 887 2955 de
911 2897 1155 2979 interpretatione

198 3003 299 3082 operis
320 3000 446 3062 alicuius
468 3002 667 3064 Hortensiani.

522 3244 524 3248 ’
590 3240 729 3302 CXXXI.

158 3448 168 3488 1
193 3427 310 3487 Contra
330 3425 449 3493 Ateium
470 3425 626 3488 tribunum
647 3429 704 3511 pt.;
725 3449 773 3511 ep.
789 3429 936 3499 CXXIX,
964 3449 986 3487 r.
1008 3426 1131 3488 ‘Garrod

154 3553 173 3593 o
193 3532 273 3593 Edd.
294 3543 380 3604 vett,
401 3545 520 3614 praeter
540 3534 636 3607 Med,
656 3538 727 3595 item
749 3535 857 3594 Lamb.
875 3535 1102 3616 perscripserim.

154 3639 173 3698 3
194 3638 372 3700 Verendum
395 3640 506 3700 scilicet
519 3651 598 3712 erat,
616 3663 653 3702 ne
669 3643 711 3702 illi
727 3643 825 3703 Crassi
840 3643 951 3702 inimici
966 3662 1034 3700 eum
1049 3642 1080 3700 in
1095 3640 1153 3721 Sy·-

194 3746 271 3805 riam
286 3745 454 3826 profectum
470 3747 673 3821 reuocandum
688 3748 835 3808 censendo
857 3751 1017 3809 vincerent.
1033 3746 1152 3808 Setina.

176 3851 269 3915 ,Mox
290 3853 647 3936 summique-perpetuam
657 3879 709 3936 p.,
731 3855 811 3937 apud
833 3876 882 3926 me
902 3857 989 3916 statui
1004 3865 1152 3937 perpetuo
1261 3908 1264 3912 .

195 3977 399 4040 propugnare.
