2632 4852
425 357 461 404 in
488 352 675 404 errsronss
980 335 1049 412 301

54 458 93 542 75
114 459 149 519 ln
169 456 262 529 urbe,
281 476 328 538 ep.
350 455 447 530 CXL,
471 477 500 534 ις
521 476 583 516 non
604 456 738 538 legatum
759 455 908 541 Pompeio
927 457 1003 524 fieri.

54 592 91 651 77
115 567 154 630 H.
174 588 199 628 e.
219 585 281 626 non
301 585 375 628 vero
389 564 427 628 ad
442 564 578 648 Oppium
593 564 766 647 pertulisse,
787 569 839 649 qni
855 568 989 630 Caesaris
1001 591 1058 634 ne·

94 677 178 757 gotia
197 675 229 733 in
248 671 324 734 urbe
343 682 530 755 procuraret.
551 670 611 732 Sed
631 692 730 753 neque
743 672 834 747 haec,
846 694 901 734 nec
915 697 992 757 qrrae
1005 698 1052 738 se·

19 803 21 805 ·
94 792 251 864 quuntur,
272 781 341 840 satis
362 776 500 861 expedita
525 789 602 838 sunt.
629 777 786 839 Schtitzius
807 791 967 862 postquam
988 782 1053 844 edi·

92 889 171 949 derit
199 886 337 959 Vibulli,
363 896 393 947 et
420 906 520 947 coram
543 883 671 960 Caesar,
699 906 757 968 pro
782 886 883 968 vulgg.
905 888 1005 949 Bibuli
1023 899 1053 951 et

92 1017 193 1059 eoram
217 993 362 1068 Caesare,
387 1001 485 1055 totum
513 993 615 1054 iocum
643 995 685 1054 sie
711 995 855 1076 proponit
875 993 1051 1076 legendnm:

56 1147 58 1150 ι
96 1102 256 1185 scripsique
275 1098 319 1160 ad
339 1099 508 1175 Caesarem,
532 1099 694 1162 Vibullium
709 1098 842 1160 Caesaris
862 1099 1003 1161 mandata
1017 1099 1055 1160 de

94 1230 160 1270 mea
185 1209 336 1269 mansione
361 1205 404 1267 ad
427 1207 600 1290 Pompeiam
622 1206 787 1289 pertulisse,
815 1227 868 1266 nec
894 1208 960 1269 item
990 1207 1055 1291 Op·
1169 1229 1171 1233 ·

92 1317 184 1399 pium.
210 1314 277 1398 Qno
303 1313 443 1375 consilio?
467 1314 589 1396 inquies.
620 1312 750 1395 Oppium
774 1333 829 1394 ego
854 1316 952 1388 tacui,
975 1313 1058 1397 qnod

93 1423 207 1506 priores
224 1432 323 1505 partes
346 1421 380 1483 V
378 1420 473 1483 ibnliii
489 1431 580 1481 erant.
603 1419 677 1481 Cnns
693 1440 728 1480 eo
741 1421 817 1480 enirn
830 1440 929 1481 coram
946 1419 1056 1481 Caesar

93 1541 206 1611 egerat,
226 1527 268 1588 ad
290 1526 420 1610 Oppium
432 1529 596 1611 scripserat.
610 1526 766 1588 Correotio
780 1525 912 1587 schntzii
928 1529 963 1590 V
960 1527 1056 1591 ibnilii

94 1657 154 1721 pro
168 1635 270 1696 Bibuli
280 1636 405 1718 propius
417 1633 502 1695 abest
515 1655 533 1695 a
547 1655 631 1707 mss,
649 1635 681 1692 in
695 1631 804 1716 quihus
825 1633 928 1694 literae
949 1656 966 1694 r
985 1646 1015 1696 et
1035 1637 1054 1697 b

93 1752 221 1827 propter
241 1740 465 1802 similitudinem
492 1742 608 1824 saepius
629 1750 868 1813 commutantur,
889 1751 923 1801 ut
943 1742 975 1800 in
994 1762 1054 1802 nu·

95 1852 151 1910 mis
173 1849 276 1910 nobilis
296 1858 325 1910 et
346 1849 466 1922 novilis,
486 1858 516 1909 et
536 1849 594 1908 alia
620 1858 764 1909 sexcenta.
786 1847 809 1906 I
831 1859 931 1908 autem
962 1852 1057 1932 gemi-
1082 1909 1085 1928 ,

95 1967 202 2016 natum
225 1976 307 2028 raro,
328 1965 362 2016 ut
381 1955 549 2037 Maiaspina
569 1953 725 2025 observat,
745 1956 902 2035 reperitur.
957 2021 961 2028 .

59 2062 96 2144 78
118 2061 156 2122 Η.
178 2083 203 2123 e.
224 2064 337 2145 primas
358 2082 445 2122 curas
466 2061 600 2122 Caesaris
621 2058 711 2120 rebus
732 2057 840 2132 debeo,
862 2079 957 2142 quum
977 2062 1055 2144 ipse·

97 2180 175 2240 met,
189 2179 230 2250 ¹ut
250 2168 365 2229 Romae
385 2189 538 2240 maneam,
559 2178 654 2249 roget.
871 2179 873 2183 ’

57 2297 97 2359 79
116 2273 174 2335 Ed.
195 2275 268 2336 Min.
280 2274 368 2358 βὼς
379 2273 469 2357 soros
489 2276 619 2335 mutavit
632 2273 802 2345 Victorius,
822 2274 864 2333 ita
883 2282 1001 2348 tamen,
1020 2286 1068 2339 nt'

94 2402 194 2464 neque
204 2381 285 2465 fiir-is
304 2380 508 2464 improbarem
528 2381 648 2443 Petron.
670 2402 694 2443 c.
713 2401 756 2441 to.
780 2380 842 2464 an'
861 2394 894 2442 nt
902 2379 983 2463 finis
1006 2402 1056 2442 ce·

95 2500 195 2561 naret,·
215 2490 278 2571 ipse
299 2488 359 2551 Cic.
380 2509 427 2571 ep.
441 2510 501 2571 seq.
515 2509 567 2570 ego
580 2489 607 2548 si
615 2486 694 2570 firn's
707 2488 873 2548 cenitarena
894 2488 967 2548 Mox
988 2488 1056 2551 edd.

94 2595 171 2676 lens.
193 2594 276 2668 aldi,
296 2594 406 2657 namn
423 2595 559 2680 deditque
579 2596 656 2658 milri.

54 2701 96 2764 80
108 2701 169 2762 'Sic
188 2701 343 2764 Victorius
363 2724 380 2763 e
400 2705 461 2764 suis
481 2702 678 2776 membranis,
699 2701 809 2785 quihus
837 2702 915 2764 adde
934 2703 1010 2764 Pail.
1036 2722 1054 2766 a

88 2818 127 2883 et
147 2809 168 2886 4
188 2807 269 2890 apud
290 2810 377 2870 Grut.
398 2821 428 2871 et
449 2809 535 2870 Amb.
568 2809 617 2884 16,
643 2809 738 2870 Laod.
759 2822 789 2873 et
812 2810 857 2872 ed.
887 2811 943 2871 Ro.
971 2810 1057 2872 Aliae

93 2912 162 2975 edd.
184 2924 252 2974 ante
265 2914 344 2976 Vict.
364 2916 403 2976 ab
418 2917 633 3001 Aristophaneo
653 2938 727 2978 meo.
747 2900 922 2978 Lectionein
937 2916 1054 2977 Aristo-

43 2999 44 3008 *
91 3019 211 3102 phanea
231 3018 318 3082 modo
338 3021 417 3084 Vict.
443 3033 473 3083 et
499 3022 655 3083 Ernestius
675 3023 714 3084 ad
744 3021 974 3104 Aristophanem
1002 3041 1055 3082 co·

98 3128 213 3187 micum
241 3126 382 3189 referunt.
413 3129 524 3190 Schtitz
543 3129 737 3190 nerisimiiius
762 3129 801 3188 ad
821 3126 1056 3210 Aristophanem

93 3223 294 3306 Byzantinum
316 3230 545 3308 grammaticum
566 3230 727 3310 respexisse
750 3227 925 3287 Ciceronem
954 3235 1057 3307 putat,

95 3341 126 3392 et
147 3331 296 3409 Quintum
318 3344 434 3416 patrem
456 3355 612 3397 censuram
639 3337 753 3417 egissae
779 3333 924 3416 epistolae
946 3353 964 3393 a
992 3330 1056 3392 filio

77 3437 134 3513 'ad
157 3460 228 3500 eum
250 3443 387 3523 scriptae.
1035 3513 1039 3521 Ι

56 3543 91 3605 81
114 3545 206 3609 amb.
231 3568 265 3629 ¹7
293 3547 370 3608 Mitt
396 3549 476 3610 illam
503 3571 555 3624 aas*
574 3562 604 3612 et
629 3549 732 3634 paullo
759 3558 829 3632 post
854 3568 921 3607 enm
946 3566 1007 3605 esse
1027 3564 1056 3606 α.

99 3652 178 3712 miti.

59 3756 95 3820 82
117 3758 243 3842 Respice
254 3760 355 3835 finem,
369 3762 440 3825 dicit
454 3765 667 3851 philosophum
681 3766 716 3828 cf.
730 3764 768 3825 ad
780 3784 850 3846 epp.
865 3759 1056 3832 CCCLXVI,

104 3885 135 3942 13
156 3865 350 3942 CCCLXIX,
372 3891 389 3930 2
411 3883 441 3933 et
462 3894 522 3958 seq.
