2632 4852
159 353 228 398 212
330 331 335 348 ‘
497 342 667 393 rrrsroca
692 346 806 393 ccxvi.
901 385 904 390 .
935 341 969 391 a.
983 343 1019 391 v.
1036 345 1066 391 c.
1085 359 1130 404 ,ω

155 462 320 550 optatum
344 471 499 521 amorem
522 461 631 519 tuum.
656 445 831 548 Equidem
855 445 1035 518 nemiuem
1059 473 1157 546 prae-

156 575 305 671 termisi,
336 598 441 673 quem
473 571 616 674 quidem
644 571 692 644 ad
715 584 751 645 te
776 584 1028 672 perventurum
1053 585 1155 671 puta-

157 726 248 797 rem,
273 698 330 771 cui
352 696 471 770 literas
502 722 576 771 nou
608 696 774 774 dederim.
799 697 971 784 (Etenim
1000 699 1080 799 quis
1105 711 1157 770 est

158 839 231 898 tam
263 826 300 901 iu
332 821 551 897 scribendol
575 824 744 924 impiger,
776 849 882 924 quam
914 821 1031 922 egoi)
1061 823 1094 896 A
1123 837 1156 898 te

157 975 242 1024 vero
265 949 337 1047 bis,
369 963 466 1023 terve
498 948 545 1027 ad
577 975 752 1026 summum
769 951 795 1047 ⁵,
820 961 856 1026 et
881 974 940 1021 eas
965 946 1154 1049 perbreves

158 1075 287 1174 accepi.
313 1076 448 1173 Quare,
479 1076 509 1146 si
541 1074 680 1174 iniquus
714 1100 752 1146 es
780 1074 819 1146 in
841 1099 899 1145 me
923 1071 1048 1171 iudex,
1073 1094 1155 1146 con·

159 1199 333 1278 demuabo
359 1199 484 1277 eodem
509 1225 574 1298 ego
599 1214 635 1273 te
660 1199 821 1296 crimine,
837 1198 891 1272 siu
913 1222 972 1271 me
988 1198 1028 1273 id
1044 1198 1155 1275 facere

97 1309 102 1322 ¹
158 1324 276 1423 noles,
299 1339 334 1398 te
358 1325 445 1396 mihi
469 1351 617 1426 aequum
642 1325 809 1426 praebere
835 1323 990 1396 debebis.
1017 1323 1089 1395 Sed
1114 1323 1155 1394 du

158 1450 267 1523 literis
291 1449 469 1523 hactenus.
494 1451 576 1526 Non
602 1452 694 1522 enim
719 1475 863 1548 vereor,
894 1476 940 1522 ne
972 1475 1047 1522 non
1074 1450 1153 1522 scri-

157 1574 311 1652 bendo⁶
335 1589 371 1651 te
396 1575 576 1681 expleam:
610 1577 815 1677 praesertim
846 1576 937 1656 siin
962 1599 1008 1648 eo
1034 1600 1154 1676 genere

159 1701 313 1773 studium
338 1727 454 1772 meum
480 1726 553 1774 non
579 1700 817 1802 aspernabere.

212 1829 335 1923 aEgo
369 1840 404 1898 te
437 1826 560 1900 afiiisse
597 1826 731 1899 tamdiu
764 1853 784 1898 a
816 1826 919 1900 uobis
952 1840 989 1899 ct
1021 1826 1116 1899 dolui
1133 1845 1155 1922 r,

159 1949 256 2051 quod
294 1951 389 2022 carui
426 1950 539 2023 fructu
584 1951 852 2029 iucundissimae
895 1951 1153 2024 consuetudinis

159 2076 278 2170 tuae0,
296 2090 333 2147 et
347 2075 475 2175 laetor,
491 2075 586 2178 quod
608 2075 733 2149 absens
758 2077 875 2154 omnia
901 2065 983 2149 cum
1008 2077 1153 2154 maxima

161 2202 329 2300 dignitate
361 2228 398 2274 es
431 2215 639 2278 consecutus
656 2220 692 2300 9,
723 2201 903 2303 quodque,
933 2203 971 2273 in
996 2200 1155 2274 omnibus

160 2328 229 2399 tuis
252 2325 377 2426 rebus,
401 2328 488 2399 meis
513 2328 644 2427 optatis
669 2327 807 2401 fortuna
832 2324 1025 2426 respondit
1047 2328 1154 2399 Breve

159 2464 229 2548 est,
246 2450 342 2551 quod
362 2477 419 2524 me
443 2452 509 2525 tibi
534 2453 735 2552 praecipere
759 2478 857 2524 meus
882 2450 1098 2527 incredibilis
1123 2452 1154 2525 iu

159 2588 195 2647 te
220 2602 319 2648 amor
344 2579 446 2680 cogit.
478 2579 593 2657 Tanta
628 2593 682 2652 est
712 2579 926 2678 exspectatio
951 2577 1010 2652 vel
1036 2579 1155 2675 animi,

158 2697 216 2771 vel
239 2701 369 2798 ingenii
394 2704 461 2802 tui,
490 2717 530 2775 ut
559 2729 624 2801 ego
649 2717 684 2775 te
710 2704 892 2776 obsecrare
919 2701 1154 2804 obtestarique

158 2849 232 2896 non
258 2824 431 2927 dubitem,
456 2829 506 2906 sic
532 2829 578 2904 ad
602 2855 668 2907 nos
694 2829 932 2907 conformatus
950 2843 981 2877 ¹⁰
1009 2841 1157 2903 reverta·

158 2977 217 3047 re,
242 2964 411 3053 utquam
436 2957 733 3054 exspectationem
757 2956 809 3027 tui
834 2955 1039 3053 concitasti,
1069 2954 1154 3027 hauc

158 3076 328 3150 sustinere
353 3105 394 3150 ac
421 3082 508 3152 tucri
533 3081 655 3181 possis.
680 3083 743 3179 Et,
761 3081 927 3181 quoniam
950 3075 1155 3156 meam'tuo-

157 3226 237 3272 rum
262 3227 343 3301 erga
366 3229 423 3276 me
447 3205 654 3279 meritorum
673 3222 700 3257 ²¹
726 3206 933 3279 memoriam
961 3203 1061 3277 nulla
1085 3229 1155 3276 um-

159 3351 265 3425 quam
283 3344 312 3383 ¹²
339 3327 469 3402 delebit
500 3331 650 3430 oblivio,
683 3346 717 3404 te
749 3356 851 3430 rogo,
874 3343 916 3402 ut
939 3330 1156 3426 memineris,

158 3465 458 3562 quantaecumque
493 3457 555 3530 tibi
585 3458 800 3530 accessiones
826 3458 912 3528 fient
931 3458 961 3507 ¹³
989 3470 1026 3530 et
1052 3457 1153 3529 fortu-

155 3601 243 3676 nae,
268 3593 303 3656 et
329 3581 524 3680 dignitatis,
548 3609 606 3657 eas
631 3599 667 3661 te
692 3610 764 3658 non
790 3583 947 3683 potuisse
975 3581 1155 3682 consequi,

147 3702 223 3775 -nisi
248 3707 333 3778 meis
358 3734 447 3806 puer
479 3707 564 3781 olim
596 3709 803 3783 fidelissimis
829 3723 934 3810 atque
961 3706 1153 3788 amantissi-

155 3828 221 3904 mis
239 3833 390 3906 cousiliis
407 3837 579 3940 paruisses
593 3836 631 3908 ¹4.
651 3840 767 3930 Quare
784 3836 854 3914 boc
880 3837 1002 3911 animo
1028 3838 1066 3909 in
1091 3857 1148 3906 uos
