2632 4852
252 349 322 421 262
613 366 881 417 snuorsrmuns

249 474 270 549 4
289 472 368 532 Vide
388 471 427 530 ad
448 491 494 552 ep.
516 470 607 542 XIX,
626 471 655 546 4.

250 578 372 655 §Quia
394 576 518 637 Crassus
544 578 757 637 coniurationis
785 574 1016 656 (Catilinariae)
1048 579 1188 638 conscius
1217 589 1244 638 et

288 686 438 766 particeps
458 694 629 766 putaretur3
648 682 729 743 Plut
749 685 782 742 in
801 681 900 742 Crassi
920 677 993 742 vitass
1011 683 1131 743 Manui.

248 787 270 850 6
288 789 364 849 Edd.
379 800 463 861 vett,
476 799 596 871 praeter
609 789 703 860 Meri,
722 789 933 862 alr‘enovemut,
956 788 1003 849 vel
1017 789 1245 850 immutaverunt.

249 897 356 978 7H00
374 894 502 956 refertur
527 895 566 955 ad
591 895 642 967 id,
668 893 751 977 qnod
776 896 912 976 sequitur
931 895 1142 974 floaenmn‘tnis
1161 897 1242 957 rebus

290 1006 361 1075 tuis,
381 1005 452 1083 quia
471 1001 562 1062 rebus
582 1000 715 1073 afflictis,
733 1021 796 1061 non
816 1000 1050 1075 florentissimis,
1070 1023 1161 1077 amor
1179 1023 1244 1063 vere

288 1111 479 1191 perspicitur.
501 1109 617 1168 Monet

252 1214 273 1276 8
292 1214 444 1286 Tertulla,
465 1235 555 1297 quam
568 1217 656 1292 inter
678 1213 807 1275 illustres
833 1215 958 1274 feminus
983 1224 1119 1276 recenset
1143 1214 1244 1275 Sveto-

291 1324 360 1380 nius
387 1320 458 1399 (lul.
480 1320 553 1401 50),
580 1341 654 1402 quus
680 1342 698 1379 a
718 1321 846 1382 Caesare
867 1331 1026 1403 corruptas
1051 1321 1145 1381 fuisse
1171 1320 1244 1380 fama

291 1437 365 1487 erat

254 1555 276 1615 9
293 1533 414 1592 Marcus
434 1543 464 1593 et
482 1531 624 1605 Publius,
643 1543 678 1593 ut
690 1531 776 1593 infra
796 1534 843 1594 De
857 1532 916 1594 hoc
930 1532 998 1593 vide
1012 1553 1059 1615 ep⁴
1075 1531 1208 1604 CXXII,
1221 1551 1243 1591 a.

251 1719 257 1728 ·
297 1639 380 1698 Infra
400 1641 498 1698 statim
519 1639 580 1699 Zel.
601 1641 626 1698 A
646 1636 749 1698 studiis
768 1639 997 1720 auctoritateque
1018 1638 1160 1696 nituntur.

262 1764 297 1804 ro
318 1744 470 1826 Scriptum
481 1765 544 1805 esse
563 1757 683 1806 ittuntur
693 1747 725 1805 in
735 1745 886 1805 nonnullis
900 1766 967 1805 mss.
978 1741 1116 1804 affirmat
1128 1742 1245 1816 Schiitz3

292 1850 369 1910 forte
390 1854 462 1932 quia
481 1850 559 1910 infra
579 1857 595 1925 S
617 1853 635 1911 3
656 1854 698 1911 sic
717 1863 769 1912 est.

259 1972 290 2029 ¹¹,
314 1956 382 2017 Hoc
401 1967 445 2017 est
465 1955 503 2015 ab
524 1960 645 2018 ineunte
664 1957 880 2028 adolescentia,
899 1955 1024 2016 slmulac
1044 1955 1133 2016 indui
1148 1968 1258 2037 togam.

292 2063 423 2135 virilem,
437 2062 571 2145 deposita
581 2074 748 2146 praetexta,
761 2063 801 2124 ab
815 2065 918 2123 amicis
931 2062 1079 2123 deductus
1092 2064 1124 2123 in
1137 2062 1244 2133 forum,

291 2179 327 2230 ut
344 2169 559 2230 transcriberer
586 2172 617 2231 in
636 2173 733 2247 vir0s3
760 2171 792 2231 id
820 2169 903 2252 quod
927 2161 1164 2252 nonnumquam
1188 2178 1245 2231 erat

291 2296 387 2336 annus
401 2287 543 2358 quartus,
563 2278 700 2359 quintus,
720 2288 818 2337 sextus
837 2276 980 2337 decimus.
993 2274 1055 2337 Sed
1069 2276 1142 2336 vide
1156 2276 1244 2336 Grae·

289 2384 382 2443 vium.
403 2381 451 2442 Ab
470 2385 605 2464 ingressu
625 2385 656 2443 in
675 2373 777 2443 lorum
790 2385 853 2443 vita
865 2380 988 2464 publica
1005 2381 1189 2464 incipiebat,
1208 2379 1244 2440 id-

290 2510 351 2570 que
370 2499 451 2562 erat,
470 2500 505 2549 ut
524 2488 605 2572 apud
624 2499 770 2557 nostrates
790 2499 906 2549 entoom
919 2489 969 2549 nel
984 2483 1103 2549 mondo.
1124 2488 1242 2550 Crassus

292 2597 425 2676 quinque
446 2598 529 2655 annis
550 2598 647 2655 maior
666 2607 731 2656 erat
752 2596 904 2656 Cicerone.

258 2715 294 2763 ra
313 2701 391 2761 Edd.
411 2703 467 2762 Ro.
488 2705 564 2762 lens.
585 2702 677 2763 Herv.
699 2701 736 2762 Si
752 2723 813 2784 quo
825 2701 1004 2775 inciderunt,
1024 2722 1160 2782 quorum
1175 2701 1242 2761 alts-

292 2828 376 2880 rum,
388 2801 419 2867 b.
430 2826 455 2868 e.
466 2807 643 2882 iaculorum,
654 2808 834 2882 Lambinus,
847 2809 1003 2870 Ernestius
1022 2819 1054 2885 et
1074 2805 1188 2869 Schiitz
1206 2827 1244 2866 re·

298 2925 449 2996 ceperunt.
468 2915 544 2975 Mox
564 2912 673 2975 Ambb.
687 2937 756 2976 cum
770 2917 837 2976 edd.
849 2926 921 2977 vett
931 2916 1104 2997 Suspicione
1118 2916 1244 2978 violento.

259 3013 294 3078 13
313 3019 392 3080 Edd.
413 3032 499 3094 vett,
518 3034 638 3104 praeter
651 3022 747 3095 Med,
766 3023 906 3084 emirrs‘um
924 3044 962 3082 m.
976 3043 1000 3082 s.
1011 3033 1044 3096 ‚et
1063 3044 1104 3096 s.,
1124 3033 1158 3084 et
1176 3019 1245 3082 infra

290 3147 352 3186 una
372 3127 418 3188 ed.
438 3129 512 3188 Min.
532 3129 718 3190 contendunt.

258 3233 294 3309 'l
313 3231 397 3292 Libri
427 3253 530 3297 omnes
556 3247 628 3296 vett.
659 3246 724 3296 tum
751 3236 855 3320 scripti
880 3247 947 3297 tum
978 3237 1105 3308 excusi,
1131 3244 1245 3317 praeter

291 3337 422 3412 Victor,
442 3345 514 3400 item
535 3341 700 3405 Lambinus
722 3345 832 3404 ambos.

256 3443 291 3504 15
311 3444 421 3507 Schiitz
442 3451 571 3508 correxit
589 3446 701 3530 impar,
721 3449 804 3532 quod
823 3456 908 3510 notet
927 3446 970 3509 M.
992 3448 1140 3509 Crassum
1154 3446 1244 3508 filium

290 3556 387 3613 amori
409 3575 464 3614 suo
483 3576 544 3614 non
563 3559 630 3637 pari
645 3555 849 3618 benivolentia
862 3554 1053 3638 respondere.
1077 3557 1113 3616 ln
1127 3556 1244 3636 vulgata

289 3654 415 3719 lectione
435 3660 522 3721 facile
534 3658 681 3722 subaudio
701 3681 783 3736 sum,
803 3673 833 3723 et
852 3664 882 3722 in
896 3662 1002 3743 Marco
1016 3662 1135 3743 accipio
1149 3663 1244 3744 proin

290 3765 439 3839 Marcum,
450 3765 481 3827 h.
493 3789 518 3827 e.
530 3789 602 3850 erga
614 3770 766 3847 Marcum3
780 3771 864 3829 cuius
876 3767 1021 3849 loquendi
1035 3769 1155 3848 generis
1169 3763 1243 3826 aliud

292 3872 461 3954 exemplum
482 3874 619 3936 videbe
638 3876 805 3939 Franciscis
824 3875 932 3938 melius
950 3872 1243 3957 praepositionemin
