2632 4852
176 331 223 429 78
508 345 679 396 amsrom
703 346 818 395 cxnvr.
952 345 1031 396 nv.
1047 348 1079 395 e.
1096 348 1148 406 a„

173 458 277 530 ficere
301 476 374 525 non
398 473 542 550 possum
566 447 622 520 his
647 445 779 519 diebus.
803 445 989 521 Orationes
1007 445 1172 548 efflagita·

174 596 228 655 tas
253 604 319 680 pro
343 577 473 649 Scauro
499 588 536 646 et
550 600 616 673 pro
632 573 779 647 Plancio
786 574 817 623 ⁵⁰
836 571 979 648 absolvi
996 574 1168 648 Poema⁵¹

174 707 221 781 ad
253 707 459 801 Caesarem,
492 699 588 802 quod
623 725 905 800 composueram,
937 699 1055 774 incidi.
1090 700 1171 776 Tibi

174 832 270 934 quod
302 853 421 928 rogas,
452 826 618 929 quoniam
649 826 718 925 ipsi
748 825 862 900 sontes
891 827 964 900 iam
987 825 1112 900 siliunt
1127 828 1170 927 5²,

172 956 289 1058 siquid
313 953 451 1028 habebo
475 952 600 1053 spatii⁷
624 951 784 1027 scribam.

223 1079 246 1156 5
271 1079 386 1155 Venio
411 1079 458 1153 ad
482 1079 629 1178 turpiam.
661 1077 811 1152 Balbum
834 1077 933 1180 quod
955 1079 1007 1152 ais
1031 1093 1168 1155 maturo

171 1210 320 1282 Romam
351 1206 442 1279 bene
462 1204 680 1293 ¹comitatum
697 1205 728 1254 ⁵³
753 1229 829 1280 esse
860 1216 1066 1306 νωωηιω,
1095 1233 1169 1280 me·

172 1358 320 1433 cumque
346 1330 482 1404 assidue
507 1356 616 1431 usque
641 1328 688 1403 ad
711 1329 796 1404 Idus
813 1330 924 1404 Maias
940 1329 1115 1433 summm,
1130 1333 1168 1409 id

170 1458 257 1530 mihi
280 1471 498 1558 pergratum⁷
530 1482 662 1559 perque
686 1455 879 1531 iucundum
903 1457 970 1530 cria
986 1457 1026 1529 ⁵4.
1059 1458 1168 1551 Quod

169 1609 227 1656 mo
251 1586 288 1658 in
314 1582 438 1658 eadem
462 1581 627 1685 epistola,
655 1582 746 1656 sicul
769 1608 874 1685 saepe
899 1596 1019 1683 aulea,
1045 1582 1166 1659 cohor·

169 1712 252 1784 laris
285 1709 332 1784 ad
368 1709 596 1784 ambitionem
612 1711 644 1760 ⁵⁵
681 1723 718 1783 et
749 1708 796 1782 ad
824 1707 1004 1786 laborem:
1040 1709 1164 1786 faciam

71 1860 76 1871 ‘
168 1835 352 1939 equidem5
378 1834 442 1909 sed
466 1835 607 1937 quando
634 1834 811 1910 vivemusl
835 1837 867 1888 ⁵⁶

216 1963 241 2037 6
266 1963 401 2054 Quarta
426 1961 574 2062 epistola
608 1961 697 2036 mihi
727 1960 865 2036 reddita
895 1975 951 2035 est
973 1961 1026 2036 Id.
1053 1963 1163 2064 Sept,

165 2115 272 2190 quam
297 2114 325 2162 a.
352 2088 385 2161 d.
411 2089 479 2161 IIIl
503 2087 588 2161 Idus
613 2087 758 2162 Sextiles
783 2114 826 2161 ex
849 2089 1033 2163 Britannia
1059 2088 1162 2163 dede-

164 2241 228 2288 ras.
254 2216 297 2287 In
322 2241 362 2288 ea
395 2212 483 2286 nihil
514 2240 598 2288 sanc
631 2228 706 2288 aral
736 2216 839 2315 novi,
869 2227 1016 2315 practer
1039 2217 1167 2315 Erigo·

164 2362 247 2412 nam
260 2342 305 2411 57:
331 2365 436 2440 quam
461 2341 491 2412 si
515 2340 560 2413 ab
587 2341 704 2442 Oppio
731 2365 915 2442 accepero,
939 2340 1093 2416 scribam
1117 2340 1160 2414 ad

164 2479 200 2536 le
219 2437 311 2565 ⁴quid
335 2467 489 2538 sentiam.
522 2467 597 2541 Nec
630 2468 774 2568 dubito,
810 2469 895 2569 quin
927 2469 1016 2542 mihi
1054 2469 1159 2571 placi·

164 2604 242 2662 tura
267 2591 322 2662 sit.
346 2592 395 2664 Er
420 2590 515 2691 quod
540 2595 719 2693 praeterii,
744 2593 788 2667 de
813 2621 856 2669 ao
871 2596 916 2695 ⁵⁸,
945 2621 1054 2696 quem
1084 2597 1160 2670 seri·

162 2716 262 2814 psisti
289 2715 332 2788 de
358 2716 499 2792 Milonis
524 2717 650 2818 plausu
675 2720 852 2820 scripsisse
882 2720 928 2795 ad
951 2722 1159 2801 Caesarem:

162 2866 228 2939 ego
254 2867 338 2915 vero
369 2842 469 2917 facile
500 2846 616 2944 patior
647 2847 697 2920 ita
721 2847 906 2921 Caesarem
942 2849 1159 2948 existimare,

160 2965 259 3042 illum
285 2993 390 3070 quam
414 2970 605 3044 maximum
629 2972 734 3046 luisse
758 2971 937 3073 plausum:
956 2987 993 3048 et
1018 3001 1157 3076 prorsus

15 3133 22 3140 ·
159 3093 210 3166 ila
232 3094 320 3168 fuit:
354 3109 390 3168 el
426 3108 544 3171 tamen
574 3097 632 3171 ille
664 3099 827 3199 plausus,
858 3101 919 3203 qui
947 3100 999 3175 illi
1038 3100 1157 3199 datur,

159 3220 423 3320 quodammodo
448 3223 551 3297 uobis
578 3224 718 3300 videtur
743 3225 827 3300 dari

119 3407 120 3411 ,
209 3373 230 3446 7
257 3345 407 3450 Reddita
433 3363 485 3423 est
509 3351 616 3423 etiam
639 3352 725 3424 mihi
744 3354 777 3418 59
801 3367 967 3453 pervetus
994 3353 1156 3455 epistola,

158 3469 222 3543 sed
247 3498 324 3546 sero
351 3473 472 3574 allata,
503 3453 541 3548 in
573 3504 642 3577 qua
669 3478 712 3551 de
738 3478 824 3552 aede
848 3478 1022 3579 Telluris,
1056 3495 1092 3552 et
1115 3478 1156 3550 dc

156 3599 296 3698 porticu
321 3599 437 3674 Catuli
453 3605 484 3652 ⁶⁰
511 3631 567 3676 me
594 3604 770 3680 admones.
803 3607 833 3679 F
834 3605 863 3678 il
892 3619 1082 3710 utrumque
1107 3606 1155 3679 di·

156 3719 310 3820 ligenter.
336 3728 394 3801 Ad
410 3727 558 3804 Telluris
584 3732 726 3833 quidem
752 3733 857 3807 enom
883 3746 981 3807 tuam
1007 3747 1152 3808 statuam

156 3843 279 3925 locavi.
305 3855 406 3928 'Item
444 3855 487 3930 de
520 3856 653 3957 hortis,
687 3859 784 3963 quod
821 3886 877 3936 me
914 3859 1087 3935 admones
1106 3862 1149 3928 ⁶¹:
