2632 4852
526 349 614 398 11311
642 352 801 400 terrene
1091 333 1158 428 ¹i¹¹

195 449 300 507 consoli
310 449 408 505 l’anno
427 464 615 527 susseguenre.
635 450 668 506 In
688 468 782 508 mezzo
802 451 827 507 31
841 470 908 528 gran
931 452 1069 511 bulicome
1089 456 1164 512 onde

194 544 273 622 quasi
292 542 362 599 dicei
381 542 555 619 gorgoglirvn
575 555 644 599 13113
664 543 754 600 Romu
774 543 800 599 n’
812 543 842 599 dl
862 543 908 600 del
929 544 1038 622 broglio
1051 547 1098 623 pei
1117 567 1165 605 co·

193 637 282 709 minii,
294 635 378 713 pochi
392 655 515 694 ovronno
528 649 628 713 sspuro
641 636 801 695 entivedere
814 636 839 693 Ie
852 635 983 710 elczioni,
1002 659 1082 696 come
1095 639 1167 696 Tul-

192 731 231 787 lio
255 731 281 786 le
305 729 485 796 nntivedevn3
506 749 520 783 3
541 749 579 785 un
599 726 622 783 31
647 725 706 785 fino
730 729 843 806 politico
867 729 1010 806 perdonisi
1030 731 1057 786 13
1077 730 1165 789 debo-

192 823 266 880 lezza
287 822 332 878 del
345 820 423 878 voler
442 820 591 877 rotundare
611 821 620 875 i
639 821 701 877 suoi
720 821 842 898 periodi,
860 821 988 879 cadendo
1009 842 1120 899 spessso
1134 824 1164 880 in

194 914 286 991 quelle
306 914 393 970 uscire
412 931 474 969 esse
493 912 635 986 videatur,
655 932 718 969 esse
737 913 903 987 videbatur,
924 915 978 972 che
997 915 1095 972 Tacito
1115 915 1166 972 de·

195 1008 282 1063 rideo.

156 1104 173 1167 1
195 1098 268 1157 Vedi
288 1097 313 1155 13
332 1098 429 1156 lettera
450 1096 606 1156 CXLVIII.

156 1191 174 1248 5
195 1195 281 1248 Domi
292 1213 359 1264 ....,·
371 1201 398 1247 et
411 1195 474 1265 ipsa
493 1190 609 1264 domus,
630 1203 729 1267 questo
747 1192 764 1247 ἐ
783 1211 840 1247 uno
863 1191 891 1247 di
912 1191 976 1268 qne’
989 1190 1100 1270 giuoohi
1113 1192 1166 1248 che

194 1282 289 1340 Tullio
308 1283 331 1339 si
350 1283 464 1360 pinsere
485 1283 512 1339 di
533 1283 590 1340 sare
609 1283 679 1340 sulle
698 1283 809 1361 parole,
836 1284 964 1342 massime
986 1285 1099 1362 quando
1117 1305 1164 1342 era

194 1377 226 1431 di
245 1376 322 1432 buon
342 1394 447 1432 umore.

608 1555 709 1616 CLIII.

160 1765 169 1800 ι
192 1743 332 1801 Abbiamo
351 1755 446 1800 331313
466 1743 572 1801 citrove
594 1762 674 1799 come
692 1742 788 1801 coloro
815 1743 867 1799 che
890 1741 1101 1802 s’nccostovano
1125 1743 1165 1799 31-

192 1837 378 1894 l'accusatore
397 1856 447 1914 per
466 1836 607 1893 sostenere
625 1834 853 1913 I’imputazione,
866 1836 889 1894 si
903 1835 1083 1895 chiamcvnno
1097 1837 1165 1892 sub-

193 1932 354 2004 scriptores.

156 2039 173 2076 3
194 2022 302 2077 Corone
320 2019 390 2095 (che
408 2040 464 2076 non
484 2039 529 2076 era
549 2020 615 2097 quel
634 2018 765 2098 d’Utice)
783 2040 891 2099 appone
909 2019 982 2077 ebbe
1002 2021 1163 2080 conosciuto

145 2130 149 2149 ·
193 2111 240 2167 dal
259 2124 342 2169 conto
361 2110 407 2169 de’
425 2113 541 2190 suffragi
565 2113 617 2169 che
640 2113 794 2171 I’accusnto
818 2133 865 2169 era
888 2114 1026 2184 assoluto,
1044 2132 1123 2170 corse
1146 2133 1162 2168 3

195 2205 284 2261 derne
302 2204 328 2260 13
348 2225 441 2263 nuova
461 2226 476 2261 3
496 2207 620 2283 Pompeo
639 2225 690 2284 per
708 2206 872 2283 gratificarsi
890 2206 956 2283 quel
975 2209 1093 2280 Magno.

156 2297 174 2353 3
196 2296 299 2354 Allude
319 2317 334 2352 3
354 2297 422 2355 cerri
441 2298 513 2356 versi
533 2296 562 2353 di
582 2296 690 2356 Lucilio
710 2298 785 2355 citati
804 2298 874 2355 31133
894 2296 977 2356 volte.
1109 2285 1112 2291 ¹

156 2394 172 2456 4
195 2389 296 2461 Questi
315 2409 385 2447 sono
404 2389 626 2467 probabilmente
644 2390 652 2445 i
673 2391 746 2448 versi
765 2389 840 2447 ondc
860 2390 996 2447 Cicerone
1016 2391 1041 2446 n
1067 2387 1163 2466 parole

194 2481 269 2538 nella
289 2480 384 2538 1311333
405 2481 628 2554 chv1,d0ve
648 2483 709 2541 dice
729 2484 780 2539 tibi
798 2482 877 2561 quod
899 2501 984 2558 rogas
990 2520 1000 2556 ,
1027 2485 1162 2558 quoniam

195 2578 252 2649 ipsi
260 2575 363 2649 fontes
383 2578 440 2630 iam
459 2569 573 2650 sitiunt,
593 2580 620 2633 si
639 2576 710 2654 qur‘d
722 2576 832 2632 habebo
845 2578 933 2651 spatii
951 2575 1091 2631 scribam.-
1109 2572 1165 2629 131-

193 2667 247 2723 che
266 2680 362 2744 questa
382 2668 478 2725 1311333
498 2689 578 2728 serve
593 2690 608 2725 3
622 2670 748 2747 spicgare
761 2669 781 2725 ἱΙ
794 2689 878 2748 passo
890 2668 1037 2740 suddeno,
1049 2667 1067 2723 il
1081 2666 1163 2744 quale

194 2759 345 2817 altrimenti
365 2761 503 2820 rimcneva
517 2760 633 2820 'oscuro

155 2849 174 2908 5
196 2850 251 2908 Chi
264 2852 338 2910 fosse
357 2863 463 2910 3313113
483 2854 627 2930 Scipione,
645 2874 661 2911 e
680 2854 733 2912 che
753 2874 816 2913 coss
830 2873 927 2912 cresse
940 2855 1009 2911 fetro
1023 2853 1094 2911 circs
1108 2851 1163 2908 I'e·

194 2944 284 3017 rsrio,
302 2947 319 3001 ὁ
337 2965 392 3002 unu
406 2965 470 3003 cosa
483 2945 603 3005 chonon
622 2947 645 3002 si
665 2949 723 3023 puo
734 2965 894 3004 conoscere.
914 2947 946 3003 Io
964 2965 1020 3002 non
1041 2946 1096 3001 ciro
1115 2945 1162 3023 qui

195 3036 295 3092 alcuna
314 3037 388 3094 dello
405 3037 482 3094 mille
505 3050 667 3115 congetture
691 3039 757 3096 fatte
776 3038 822 3096 dai
844 3037 955 3109 critici,
977 3035 1081 3115 perche
1104 3056 1163 3092 non

193 3147 265 3187 sono
285 3130 356 3188 31133
375 3128 428 3188 che
446 3131 632 3209 indovinaglie
651 3151 732 3188 senza
752 3131 942 3190 fondamento.

153 3225 173 3280 6
196 3227 231 3277 In
251 3223 348 3280 ludum
366 3224 511 3299 discendi,
527 3242 583 3281 non
598 3227 726 3282 lusionis.
749 3223 869 3283 Scherza
882 3223 929 3301 qui
945 3221 1080 3278 Cicerone
1092 3220 1162 3278 111113

192 3315 289 3392 parole
310 3316 409 3390 Indus,
430 3317 456 3373 13
476 3316 558 3395 quale
576 3317 735 3396 significare
756 3328 833 3374 13313
847 3316 960 3395 giumo,
972 3327 1077 3391 quanto
1089 3332 1163 3369 eser·

194 3407 264 3464 cizio
283 3407 312 3463 di
331 3410 491 3487 qusIunque
509 3422 592 3466 sorta.

153 3520 170 3578 7
193 3500 228 3554 In
246 3499 345 3557 alcuna
364 3501 460 3558 lettera
480 3502 573 3560 scritta
594 3501 630 3558 ad
650 3501 743 3581 Appio
759 3502 787 3560 si
809 3500 880 3560 vede
893 3499 946 3557 che
965 3498 1030 3577 quel
1049 3497 1162 3555 console

192 3592 343 3671 spalleggio
362 3593 595 3672 gainardamentc
614 3594 744 3653 Pontinio
769 3594 844 3651 onde
863 3605 974 3671 potesse
994 3593 1051 3648 fare
1070 3590 1090 3645 il
1109 3610 1161 3646 suo

120 3737 130 3745 .
192 3685 304 3743 trionfo.
325 3686 386 3763 Egli
405 3689 421 3743 ἑ
439 3687 459 3743 il
472 3707 538 3747 vero
555 3687 608 3744 che
621 3687 710 3765 quella
725 3688 754 3745 fu
768 3707 822 3745 uno
837 3707 901 3744 cosa
916 3686 981 3742 fatte
996 3705 1010 3740 3
1025 3683 1162 3760 dispecto,

193 3779 246 3836 che
265 3778 344 3837 331111
364 3780 425 3836 fieri
443 3781 589 3854 contrasti,
607 3801 622 3837 e
642 3781 695 3838 che
714 3782 764 3837 sini
777 3799 831 3837 con
843 3778 1041 3857 ispargimenro
1055 3775 1083 3832 di
1096 3795 1162 3831 son·

191 3891 246 3945 gne
265 3893 320 3929 nne
340 3874 489 3930 cerimonia
509 3874 560 3932 che
581 3875 668 3933 dores
690 3895 782 3932 essere
800 3887 870 3931 13113
884 3872 956 3929 licta.
975 3870 1048 3929 Vedi
1063 3879 1161 3946 questo

192 3965 260 4021 13113
283 3977 441 4024 1333331313
462 3966 656 4026 distesamente
676 3968 711 4023 (13
731 3969 820 4026 Dione
840 3966 886 4024 nel
905 3965 976 4023 libro
996 3964 1128 4021 XXXIX.
