2632 4852
171 310 236 383 158
521 327 688 379 urrsrons
715 332 795 380 ctu.
934 329 965 380 Δ.
983 334 1016 378 v.
1035 335 1063 378 c.
1081 332 1136 392 699

190 605 192 608 Ι
292 532 344 582 Scr.
364 531 456 581 Romae
475 529 504 580 A.
522 530 555 581 V.
567 528 601 581 'C.
621 528 762 592 ucxctt,
780 528 847 580 circa
866 527 904 581 ld.
922 528 1031 582 Octobr.

441 743 600 808 nlncvs
625 745 662 824 Q.
687 742 829 808 runnu
854 744 884 808 s.

216 964 227 1006 1
258 932 539 1033 occupationum
563 954 718 1003 mearum
743 931 806 1004 tibi
830 932 967 1030 signum
991 935 1038 1007 sit
1054 935 1155 1008 libra-

160 1061 201 1134 rii
226 1086 358 1132 manus.
382 1058 484 1131 Diem
509 1059 597 1130 scito
623 1082 697 1130 esse
722 1055 877 1156 nullum,
901 1085 971 1160 quo
999 1059 1057 1132 die
1082 1087 1155 1133 nou

162 1186 276 1258 dicam
301 1210 366 1285 pro
391 1208 461 1256 reo.
494 1184 565 1282 Ita,
590 1181 761 1284 quidquid
786 1182 951 1284 conficio,
976 1198 1039 1257 aut
1065 1187 1156 1284 cogi-

161 1325 198 1383 to
210 1367 221 1409 ,
244 1311 282 1381 iu
307 1307 550 1383 ambulationis
574 1306 644 1382 lere
669 1322 807 1407 tempus
834 1309 983 1382 confero.
1004 1310 1153 1409 Negotia

160 1449 280 1508 nostra
304 1436 353 1507 sic
385 1459 422 1507 se
454 1433 602 1533 habent,
634 1431 826 1507 domestica
858 1460 965 1534 vero,
990 1449 1034 1506 ut
1056 1436 1152 1509 volu-

118 1627 119 1631 ,
158 1587 245 1633 mus.
271 1559 401 1633 Valent
424 1560 524 1660 pueri
543 1575 567 1659 ¹,
598 1557 755 1634 studiose
779 1559 936 1661 discrrut,
970 1560 1153 1660 diligenter

68 1723 71 1728 ·
160 1687 349 1784 docentur,
382 1699 417 1758 et
450 1710 532 1786 nos,
565 1699 600 1758 et
623 1687 715 1759 iuter
739 1712 776 1760 se
801 1700 941 1759 amant,
955 1688 1154 1788 Expulitio-

159 1827 252 1883 nes²
285 1812 464 1912 utriusque
488 1824 647 1884 nostrum
671 1824 753 1884 sunt
777 1811 815 1884 in
843 1808 1004 1884 manibus
1022 1813 1057 1913 ³5
1092 1812 1152 1885 sed

162 1932 220 2009 tua
244 1962 357 2036 paene
382 1934 428 2008 ad
453 1936 667 2036 perfectum,
699 1938 769 2011 iam
793 1963 847 2012 res
872 1939 1001 2020 rustica
1026 1939 1151 2012 Arcani

159 2077 194 2136 et
218 2063 355 2138 Laterii.
380 2062 592 2136 Praetereal
619 2063 663 2136 de
689 2089 777 2165 aqua
804 2077 840 2136 et
864 2064 919 2138 via
944 2063 1034 2137 nihil
1056 2091 1150 2165 prae

131 2191 289 2262 termisi
314 2188 464 2290 quadam
490 2189 639 2292 epistola
655 2193 682 2289 ⁵,
714 2191 798 2292 quin
831 2189 1010 2263 enucleate
1043 2191 1091 2262 ad
1119 2203 1150 2263 te

87 2410 94 2415 μ
159 2314 417 2415 perscriberem.
443 2315 513 2386 Sed
538 2341 594 2386 me
618 2314 676 2388 illa
702 2341 784 2388 cura
804 2315 973 2414 solicitat,
988 2317 1148 2416 angitque

159 2440 401 2539 vehementer,
433 2440 530 2544 quod
555 2441 688 2513 dierum
713 2441 784 2513 iam
807 2441 956 2541 amplius
980 2443 1011 2515 L
1047 2443 1147 2514 inter·

159 2564 250 2638 vallo
276 2566 364 2637 nihil
389 2593 409 2639 a
434 2581 486 2664 te,
517 2565 604 2638 nihil
637 2593 656 2639 a
691 2568 858 2665 Caesare,
890 2566 978 2640 nihil
1012 2593 1055 2640 ex
1080 2569 1147 2640 istis

158 2687 243 2762 locis
256 2694 281 2790 ⁶,
305 2717 377 2764 nou
402 2690 510 2766 modo
536 2693 731 2792 literarum,
757 2693 818 2766 sed
843 2718 887 2764 ne
912 2694 1064 2767 rumoris
1083 2694 1147 2795 qui·

160 2814 240 2888 dem
266 2814 406 2890 affluxit.
445 2820 503 2890 Me
537 2833 653 2891 autem
686 2821 756 2891 iam
781 2832 817 2890 et
840 2845 935 2891 mare
959 2820 1051 2892 istuc
1070 2840 1094 2917 r,
1117 2831 1145 2890 et

159 2954 247 3013 terra
273 2941 446 3041 solicitat,
479 2970 592 3044 neque
626 2943 747 3016 desino
781 2954 848 3032 (nt
879 2926 919 3016 lit
943 2945 982 3016 in
1008 2953 1144 3030 amore)

158 3092 215 3165 ea,
241 3094 328 3166 quae
354 3069 495 3141 minime
521 3069 620 3168 volo,
645 3071 806 3167 cogitare.
833 3071 950 3161 Quare
970 3069 1145 3170 nonequi·

158 3191 238 3264 dem
263 3194 332 3265 iam
357 3208 391 3265 te
417 3220 520 3295 rogo,
536 3209 585 3282 ut
610 3196 736 3270 adme
762 3196 806 3269 de
824 3209 875 3294 te,
894 3195 937 3268 de
955 3179 1061 3270 rebus
1078 3196 1143 3268 istis

156 3317 285 3392 scribas
310 3328 528 3423 (numquam
562 3323 672 3422 enirn,
706 3349 814 3423 quum
845 3336 965 3422 potes,
998 3334 1141 3422 praeter*

155 3443 292 3542 mittis),
317 3445 379 3518 sed
402 3445 471 3519 hoc
497 3461 532 3520 te
557 3449 643 3522 scire
668 3448 769 3547 volo,
785 3447 872 3520 nihil
888 3447 959 3520 fere
984 3470 1138 3549 umquam

154 3593 210 3639 me
236 3571 285 3640 sic
310 3587 542 3671 exspectasse,
567 3588 620 3672 ut,
646 3601 753 3676 quum
777 3573 863 3646 haec
881 3572 1091 3669 scribebam,
1107 3568 1137 3640 ll-

155 3706 245 3766 teras
271 3709 356 3768 tuas.

206 3845 225 3890 2
252 3820 352 3895 Nunc
379 3850 548 3922 cognosce
574 3852 630 3926 ea,
650 3853 737 3926 quae
763 3841 844 3900 sunt
868 3827 905 3898 iu
932 3852 969 3897 re
996 3821 1128 3924 publica.
