2632 4852
171 315 219 388 58
509 333 679 381 rrrsrott
704 333 818 380 miv.
939 337 970 382 Α.
987 337 1022 384 r.
1039 340 1069 386 c.
1086 339 1140 402 ⁶⁹9

169 463 274 541 qnam
298 460 355 509 me
379 462 399 507 a
424 437 536 507 causis
552 449 588 506 ct
605 434 741 506 indiciis
765 435 1011 509 districtiorem
1036 439 1160 542 fuisse3

167 578 273 665 atque
303 561 341 636 id
376 563 458 634 anni
494 574 652 660 tempore
684 562 886 658 gravissimo
919 576 956 634 ct
983 563 1160 641 caloribus

166 690 333 762 maximis.
358 687 428 760 Sed
451 685 539 759 haec
564 687 744 788 (quoniam
770 701 807 758 tu
832 686 882 759 ita
906 690 1160 788 pmoecribisu

168 814 308 889 ferenda
333 828 433 913 sunt3
455 838 568 914 neque
592 811 901 912 committendum,
915 828 956 886 ut
974 829 1037 889 aut
1062 821 1163 919 spei,

166 955 228 1016 aut
250 940 453 1038 cogitationi
478 952 612 1012 vestrae
637 963 702 1036 ego
726 938 848 1025 videar
871 938 1036 1041 defirisse5
1059 934 1161 1043 prae·

164 1069 284 1140 sertim
308 1090 433 1167 quum,
457 1065 595 1140 tamus
618 1063 657 1137 id
681 1063 881 1141 diffieiliuii
900 1065 1022 1164 fucrit,
1038 1082 1159 1143 tamen

166 1218 209 1265 ex
232 1193 302 1265 hoc
325 1189 446 1264 labore
476 1214 639 1287 magnam
672 1191 817 1288 gratiam
844 1217 1080 1294 magnamque
1106 1195 1157 1267 di-

92 1339 104 1347 ·
164 1319 332 1416 gnitatem
356 1318 422 1389 sim
447 1306 662 1390 collecturus.
687 1317 827 1417 Itaque,
857 1330 898 1388 ut
927 1317 992 1389 tihi
1017 1318 1158 1417 placet,

165 1442 287 1515 damus
319 1468 480 1542 operam,
513 1467 558 1514 ne
590 1443 687 1514 euius
724 1441 878 1513 animum
914 1440 1135 1519 offendemus
1146 1495 1157 1544 ,

163 1582 272 1669 atque
296 1582 337 1640 ut
361 1570 467 1642 etiam
491 1567 535 1639 ab
559 1568 602 1640 iis
626 1569 729 1667 ipsis,
746 1563 807 1668 qni
825 1590 891 1642 nos
909 1591 992 1665 cum
1009 1569 1156 1643 Caesare

164 1707 236 1766 tam
261 1695 467 1767 coniunctos
492 1691 614 1766 dolent
625 1695 651 1790 ⁶,
668 1682 864 1796 diligamur:
888 1691 936 1765 ab
960 1694 1082 1794 aequis
1099 1721 1154 1769 ve·

162 1842 221 1918 ro,
245 1833 306 1893 ant
330 1821 436 1895 etiam
460 1845 481 1892 a
506 1818 693 1917 propensis
714 1818 752 1903 in
775 1815 867 1891 hanc
891 1831 1030 1916 partem
1054 1819 1155 1915 velie·

162 1959 299 2018 menter
323 1959 360 2017 et
384 1944 572 2017 colamur⁶
596 1957 633 2016 ct
648 1967 820 2016 amemur.

212 2098 233 2143 2
259 2071 312 2142 De
338 2068 471 2141 ambitu
497 2093 606 2168 quum
631 2068 843 2139 atrocissime
868 2081 1029 2165 ageretur
1050 2070 1091 2140 in
1107 2095 1155 2142 se·

160 2209 246 2267 natu
271 2195 402 2267 multos
428 2194 524 2292 dies,
557 2193 653 2293 quod
677 2194 726 2264 ita
751 2206 850 2264 erant
874 2193 1047 2291 progressi
1075 2217 1154 2266 can·

162 2320 275 2393 didati-
296 2320 513 2417 consulares,
536 2333 576 2389 ut
600 2336 685 2390 non·
699 2332 790 2390 esset
814 2317 1011 2390 ferendum:
1039 2319 1079 2390 in
1104 2345 1154 2392 se·

159 2459 245 2516 natu
277 2470 351 2519 non
382 2445 450 2523 fui.-
477 2443 591 2517 Statui
624 2443 677 2533 ad
701 2442 832 2529 nullam
862 2443 1076 2521 medicinam
1107 2444 1154 2518 rei

160 2568 373 2668 publicae
347 2595 421 2641 snre
445 2595 573 2669 magno
598 2569 804 2669 praesidio?
830 2569 1005 2641 accedere

210 2695 231 2785 3
259 2695 342 2787 Quo
366 2690 423 2768 die
447 2695 556 2768 haec.
560 2697 706 2796 scripsi,
730 2696 863 2770 Drusus
889 2709 963 2768 erat
988 2695 1033 2767 de
1059 2661 1154 2820 prde-

38 2822 40 2827 ’
160 2819 375 2894 varicatione
399 2848 421 2896 a
445 2819 592 2898 tribunis
614 2819 779 2901 aerariis⁸
796 2818 1020 2923 absolutus,
1010 2847 1048 2894 m
1065 2849 1154 2896 sum·

158 2952 235 3044 nia,
260 2957 410 3047 quatuor
428 2949 629 3045 sententiis,
649 2946 755 3048 quum
773 2961 950 3019 senatores
966 2960 1003 3018 et
1019 2951 1152 3049 equites

160 3069 392 3145 damnassent.
417 3072 494 3172 Ego
520 3074 654 3146 eodem'
670 3069 725 3145 'die
750 3086 834 3172 post
856 3070 1039 3144 meridiem
1056 3072 1153 3146 Vati-

156 3195 288 3268 niumr
312 3197 453 3271 aderam
479 3197 688 3273 defensunrs.
713 3200 766 3271 Ea
791 3224 847 3272 res
871 3178 980 3270 facilia
1005 3211 1069 3271 est.
1086 3201 1153 3273 Co·

155 3322 253 3395 mitia
278 3323 315 3395 in
339 3349 500 3399 mensem
511 3324 750 3426 Septembrem
775 3327 903 3399 reiecta
921 3337 1012 3396 sunt.
1031 3324 1153 3397 Scauri

155 3446 324 3522 iudicium
343 3465 372 3500 ¹⁰
398 3452 517 3524 statim
542 3451 770 3525 exercebitur:
801 3452 856 3523 cui
880 3442 946 3523 nos
971 3475 1045 3522 non
1072 3451 1151 3522 dee-

21 3660 25 3671 *
155 3574 271 3647 rimus.
313 3575 507 3658 Συνδείπνοις
538 3583 719 3663 Σοφοκλέους
748 3592 788 3676 ¹¹,
820 3601 1032 3678 quamquam
1059 3603 1086 3649 a
1119 3589 1151 3647 te

158 3711 271 3772 actam
304 3686 464 3839 fabellam
497 3703 600 3779 video
633 3731 707 3779 esse
740 3704 880 3847 festive,
910 3702 1008 3776 nollo
1044 3700 1151 3777 modo

155 3824 381 3927 probavi
787 3832 791 3851 '
969 3838 973 3844 ’
