2632 4852
163 331 211 424 64
509 354 679 402 crisconi
703 354 801 403 cxcv,
949 353 978 402 a.
995 358 1029 403 v.
1047 357 1069 401 c
1084 357 1135 408 eoo

164 458 346 529 Caesarem
371 479 475 557 quam
507 454 689 552 diligenter
720 456 935 554 scripserim,
967 469 1044 528 tute
1073 460 1162 556 scis3

163 609 268 683 quain
292 607 413 680 saepe,
436 605 510 678 ego.
547 579 617 653 Sed
643 579 840 653 mehercule
863 581 934 652 iam
959 582 1159 655 intermise-

162 734 259 806 ram,
293 733 338 779 ne
375 706 511 781 viderer
542 706 773 780 liberalissimi
807 707 981 806 hominis,
1019 710 1157 811 meique

161 833 387 906 amantissimi
411 830 585 904 voluntati
609 858 689 931 erga
720 858 778 904 me
810 831 975 905 diffidere.
1008 832 1081 906 Sed
1105 847 1158 906 tn-

160 960 307 1031 meniis
331 957 592 1058 literis9‚·quas
616 959 774 1056 proxime
800 956 899 1053 dedi,
930 960 1056 1056 putavi
1082 983 1156 1031 esse

159 1084 339 1156 hominem
363 1081 668 1157 commonendum
699 1080 744 1157 Id
773 1082 849 1156 feci
874 1082 973 1175 Quid
996 1082 1155 1182 profece-

159 1210 242 1308 rim,
266 1209 371 1281 facias
395 1234 452 1281 me
476 1207 583 1280 velim
609 1209 807 1281 certiorem:
832 1221 869 1280 et
890 1205 994 1280 simul
1013 1206 1061 1280 do
1076 1218 1154 1281 toto

160 1347 254 1408 statu
279 1347 357 1432 tuo,
381 1333 602 1434 consiliisque
627 1331 798 1440 omnibus
824 1331 919 1406 Scire
938 1333 1033 1405 enim
1050 1332 1155 1432 cupio

160 1456 247 1558 quid
271 1484 371 1556 agas,
401 1457 486 1558 quid
518 1471 716 1558 exspectes,
743 1484 849 1559 quam
875 1455 1023 1557 longum
1047 1448 1153 1531 istum

159 1597 259 1657 tuum
284 1583 473 1656 decessum
497 1609 518 1655 a
542 1583 644 1656 uobis
669 1582 823 1656 fiitnmm
847 1596 960 1682 putes.
976 1582 1036 1655 Sic
1061 1583 1153 1657 cuim

141 1708 224 1795 ,nbi
247 1707 456 1807 persuadeas
480 1707 600 1807 velim,
615 1734 726 1780 uuum
742 1707 830 1779 mibi
849 1733 924 1779 esso
940 1705 1106 1781 solatium
1114 1723 1153 1803 ¹⁰,

158 1858 265 1933 quare
290 1832 422 1904 facilius
450 1834 580 1931 possim
604 1833 697 1931 pati,
721 1845 758 1904 te
782 1856 858 1904 esse
881 1831 956 1903 sine
981 1829 1099 1903 nobis:
1123 1831 1152 1902 si

158 1957 223 2029 tibi
247 1982 321 2030 esse
345 1957 384 2030 id
408 1957 645 2037 emolumento
669 1959 787 2032 sclam.
813 1956 875 2032 sin
892 1970 1010 2033 autem
1026 1956 1067 2028 id
1082 1980 1151 2029 non

157 2097 228 2180 est3
252 2082 340 2160 nihil
373 2081 509 2155 duobus
533 2080 635 2154 nobis
661 2095 715 2154 est
739 2080 900 2155 stultinsz
932 2107 1009 2180 me,
1035 2082 1098 2182 qui
1119 2095 1151 2153 te

155 2234 230 2281 nou
254 2210 404 2285 Romam
428 2207 600 2285 attraham
607 2234 618 2304 3
644 2221 698 2304 te,
722 2206 784 2306 qui
807 2231 881 2278 non
904 2205 975 2278 huo
1001 2205 1151 2281 advoles

156 2334 238 2408 Vna
274 2332 470 2405 mehercule
507 2346 629 2408 nostra
661 2330 717 2404 vel
748 2355 870 2407 severa
887 2345 927 2429 ¹3,
953 2328 1011 2407 vel
1035 2333 1151 2404 iocosa

157 2458 354 2553 congressio
380 2457 488 2555 pluris
512 2457 595 2554 erit,
620 2483 726 2557 quam
749 2478 822 2530 non
847 2455 955 2533 modo
978 2455 1101 2531 bostca
1114 2472 1151 2551 ¹²,

156 2581 219 2654 sed
243 2582 348 2654 etiam
372 2581 494 2655 fratres
519 2585 629 2657 nostri
646 2582 768 2654 Aedui.
786 2582 905 2672 Quare
925 2581 1093 2657 omuibus
1108 2579 1148 2652 de

156 2705 259 2781 rebus
283 2707 338 2780 fac
362 2722 532 2809 utquam
556 2711 708 2808 primum
734 2710 850 2781 sciam.
914 2791 917 2796 ,

205 2831 286 2912 Aut
306 2833 541 2919 consolando,
557 2849 623 2909 aut
643 2835 807 2922 cornilio,
823 2848 889 2907 aut
912 2858 949 2912 ie
972 2838 1096 2910 iniero
1109 2833 1146 2900 ¹³.

574 3149 734 3224 CXLVI·
846 3187 903 3241 (ia
918 3188 947 3246 o.
963 3190 1015 3234 ins
1034 3189 1082 3248 iii,
1099 3186 1126 3242 .)

154 3326 373 3406 Argumentum
398 3349 408 3392 i
432 3327 545 3392 Scribit
564 3348 595 3388 se
616 3329 721 3405 Quinti
741 3324 827 3386 villas
847 3323 976 3396 obiisse,
996 3322 1100 3404 ibique
1119 3323 1147 3378 in

193 3432 400 3494 aedificatione
430 3433 579 3515 quaedam
610 3444 662 3505 aut
693 3433 854 3492 correxisse
880 3440 934 3489 aut
953 3428 1146 3491 constituisse.

193 3557 212 3600 2
231 3537 347 3604 Deinde
366 3537 405 3599 de
424 3542 559 3601 urbanae
572 3538 678 3600 domus
691 3537 887 3619 expolitione,
901 3545 932 3594 et
944 3534 1055 3610 Quinti
1075 3531 1147 3592 filio.

194 3643 213 3700 3
233 3645 313 3703 Tum
335 3645 496 3726 respondet
515 3644 722 3726 compluribus
743 3644 850 3721 Quinti
869 3639 1022 3722 epistolis3
1034 3638 1147 3724 primae

194 3747 338 3830 longiori,
358 3753 378 3827 4
398 3751 505 3812 deinde
525 3751 728 3822 minusculae,
755 3748 776 3808 5
797 3760 862 3808 tum
881 3747 1005 3837 tertiae,
1025 3743 1047 3805 6
1066 3742 1145 3802 deni-

195 3873 254 3935 que
285 3868 409 3937 quartae
437 3860 584 3943 peineten'
617 3857 669 3918 sed
696 3879 763 3919 sero
790 3855 917 3930 allatae3
947 3874 966 3932 7
994 3861 1143 3934 postremo
