2632 4852
163 370 228 416 rou
485 365 655 413 rrrsrora
681 364 825 412 excurri.
930 362 1015 412 av.
1034 364 1132 425 can

157 495 235 542 eam
259 492 304 540 ne
330 490 568 566 oppugnarem
585 465 629 566 4²,
653 468 683 538 si
707 463 855 564 nollem,
884 477 945 536 aut
969 490 1045 540 nou
1071 493 1157 568 pos-

155 619 230 668 sem
254 590 352 666 tueri.
377 591 474 664 Haec
507 618 615 693 quum
647 591 694 665 ad
725 616 782 664 me
806 589 913 664 frater
936 578 1158 692 pertulisset,

155 733 192 792 et
216 745 324 820 quum
348 730 467 792 tamen
490 719 679 818 Pompeius
690 716 723 784 4³
749 715 876 791 adme
902 730 984 792 cum
1008 719 1158 792 manda·

156 845 200 917 tis
226 843 421 918 Vibullium
454 844 625 942 misisset,
664 858 705 927 ut
741 842 914 942 integrum
931 840 964 908 44
999 843 1087 916 milti
1112 844 1159 918 de

157 996 261 1043 causa
293 971 474 1070 Campana
512 969 559 1042 ad
593 958 714 1043 suum*
733 968 885 1043 reditum
920 994 1159 1070 reservarem,

107 1191 110 1200 Ι
156 1095 279 1194 collegi
310 1097 386 1196 ipse
418 1120 493 1196 me,
530 1109 566 1169 et
598 1122 678 1168 cum
709 1095 786 1195 ipsa
819 1096 920 1195 quasi
950 1095 1158 1201 republica

156 1220 349 1294 collocutus
382 1248 476 1294 sum:
508 1235 548 1294 ut
579 1221 685 1320 mihi,
718 1234 792 1293 tam
824 1219 934 1295 multa
970 1246 1038 1321 pro
1070 1247 1108 1295 se
1124 1221 1158 1288 45

155 1373 322 1448 perpesso
347 1362 453 1448 atque
477 1347 679 1449 perfuncto,
696 1347 922 1444 concederet,
938 1359 979 1419 ut
1000 1346 1158 1422 officium

155 1499 290 1572 meum,
314 1499 574 1574 memoremque
597 1475 635 1546 in
660 1471 750 1545 bene
775 1475 919 1546 meritos
942 1475 1102 1546 animum
1114 1473 1158 1572 4⁶,

155 1598 332 1701 fidemque
358 1599 471 1672 fratris
496 1602 565 1671 mei
590 1613 823 1699 praestarem,
855 1623 1026 1699 cumque,
1053 1626 1158 1700 quem

155 1721 291 1797 bonum
316 1726 429 1798 civem
455 1752 592 1826 semper
615 1724 812 1826 habuisset,
835 1724 970 1798 bonum
995 1727 1111 1799 virum
1124 1725 1156 1792 lr

157 1874 232 1922 esse
265 1863 451 1950 pateretur.
484 1852 528 1923 In
558 1850 625 1924 illis
655 1866 773 1924 autem
789 1849 822 1916 48
847 1851 933 1923 meis
959 1851 1157 1924 actionibus

156 1977 407 2079 sententiisque
432 1976 617 2075 omnibus,
643 2003 731 2078 quae
756 1977 966 2076 Pompeium
989 1976 1158 2051 videban-

156 2114 214 2175 tur
247 2101 446 2202 offendere,
479 2116 653 2176 certorum
686 2103 870 2176 hominum
889 2102 932 2200 49,
965 2128 1055 2204 quos
1087 2105 1157 2176 iam

157 2224 263 2300 debes
299 2229 493 2330 suspicari,
530 2254 707 2302 sermones
737 2226 971 2302 afferebantur
1003 2229 1050 2303 ad
1081 2255 1157 2303 me:

157 2353 217 2452 qui
243 2379 351 2452 quum
375 2353 435 2427 illa
460 2355 628 2427 sentirent
654 2356 691 2426 in
720 2380 756 2426 re
782 2353 923 2454 publica
935 2411 945 2453 ,
976 2382 1067 2456 quae
1094 2381 1157 2455 ego

157 2477 323 2577 agebam,
349 2505 554 2582 semperque
579 2482 782 2580 sensissent,
798 2507 856 2553 me
880 2496 998 2553 tamen
1017 2508 1091 2555 non
1109 2509 1158 2555 sa·

159 2602 318 2676 tisfaeere
358 2607 553 2707 Pompeia,
591 2608 843 2707 Caesaremque
879 2608 1158 2682 inimicissimum

156 2726 244 2808 mihi
275 2728 451 2828 futurum,
488 2732 637 2830 gaudere
670 2758 708 2805 se
742 2732 883 2805 aiebant
900 2736 940 2804 ⁵⁰.
974 2735 1063 2807 Erat
1091 2734 1157 2807 hoc

156 2851 244 2926 mihi
282 2853 494 2955 dolendum
530 2859 593 2931 sed
627 2859 739 2932 multo
778 2858 865 2931 illud
896 2860 1028 2960 magis,
1064 2859 1159 2961 quod

156 2979 338 3057 inimicum
371 3009 488 3055 meum
506 2986 535 3034 ⁵¹
570 2994 716 3072 (meum
748 2985 890 3058 auteml
924 2987 1036 3061 immo
1075 2996 1157 3061 vero

155 3103 294 3208 legum,
324 3107 549 3208 iudiciorum,
582 3111 667 3211 otii,
698 3113 851 3211 patriae,
877 3111 1058 3186 bonorum
1082 3137 1157 3186 om·

156 3236 282 3326 nium)
319 3237 368 3308 sic
406 3235 715 3339 amplexabantur,
750 3240 799 3311 sic
834 3240 872 3311 in
904 3239 1067 3312 manibus
1100 3238 1157 3312 ha-

155 3357 311 3462 bebant,
347 3363 396 3434 sie
434 3362 624 3464 fovebant,
661 3367 709 3437 sic
746 3391 802 3437 me
834 3378 1020 3464 praesente
1058 3391 1156 3438 oscu-

156 3483 339 3561 labantur:
376 3514 449 3561 non
480 3489 530 3561 illi
563 3490 722 3590 quidem,
753 3504 793 3563 ut
824 3491 911 3563 mihi
937 3490 1156 3564 stomachum

156 3611 331 3712 facerent,
364 3642 468 3716 quem
500 3641 564 3712 ego
597 3617 752 3691 funditus
783 3617 938 3718 perdidi,
973 3617 1038 3690 sed
1061 3624 1153 3690 'certe

156 3750 196 3807 ut
220 3739 332 3811 facere
358 3766 394 3813 se
421 3742 677 3818 arbitrarentur.
704 3746 771 3818 Hic
797 3771 880 3852 ego,
902 3761 1074 3844 quantum
1098 3745 1153 3816 hu·

157 3885 262 3935 mano
288 3867 433 3941 consilio
459 3869 594 3945 efficere
619 3874 737 3973 potui,
764 3873 1027 3973 circumspectis
1045 3875 1076 3923 ⁵2
1101 3899 1147 3945 re·
