2632 4852
434 325 470 375 ru
496 324 683 376 urrsronls

473 532 639 595 CLXXIV.

61 771 72 812 1
98 747 204 810 Simile
225 743 382 808 exordium
404 747 503 826 Inep.
525 743 752 809 CLXXXVIII.
775 750 891 817 Guiliel.

57 879 75 917 2
98 858 195 934 Quasi
215 855 375 937 proprium
396 862 427 911 et
446 853 589 932 primum.
613 852 690 915 Cort.

55 965 75 1025 3
98 958 255 1024 Secundus
276 968 305 1021 et
326 967 396 1020 sext.
418 978 487 1017 cum
501 957 568 1017 edd.
583 958 639 1019 Ro.
656 971 687 1020 et
701 961 776 1023 lens.
798 965 838 1027 In
851 968 953 1043 liuius.
974 971 1057 1054 quod

98 1065 310 1149 corrigendum
332 1076 377 1126 est
401 1062 447 1124 Tu
466 1064 568 1138 liuius,
588 1076 643 1125 etc.

54 1177 78 1255 4
100 1176 150 1236 Sic
169 1173 239 1235 libri
260 1172 321 1233 fere
341 1191 454 1232 omnes.
475 1169 578 1251 Vulgo
604 1174 719 1255 expetis
738 1194 757 1234 a
778 1176 941 1241 Gebhardo
971 1186 1056 1246 inve·

98 1295 181 1345 ctum
202 1301 236 1344 ex
256 1280 332 1341 Pall.
353 1278 440 1340 codd.
460 1277 517 1339 Ed.
539 1279 618 1340 Med.
639 1284 831 1364 exspectabis.

54 1391 77 1452 5
97 1390 160 1452 Pro
179 1387 405 1450 domesticarum
424 1387 564 1466 antiquus
584 1385 662 1447 liber
683 1388 784 1450 Vrsini
805 1389 898 1454 hebet
919 1393 1058 1457 domesti-

98 1519 164 1572 cos3
185 1494 261 1556 liber
282 1493 401 1554 Italicus
422 1493 544 1553 Graevii
568 1503 598 1554 et
617 1491 705 1554 Amb.
727 1493 859 1557 decimus
879 1519 935 1560 sec.
955 1501 1057 1563 dome·

96 1607 235 1666 eticorum
254 1602 330 1662 enim
351 1611 468 1661 tuarum
491 1619 587 1660 rerum
611 1597 781 1662 dontesticoe
806 1603 911 1678 habes,
930 1607 982 1667 sed
1001 1606 1058 1669 do-

97 1712 230 1772 mesticos
257 1710 288 1768 in
317 1709 473 1788 margine3
502 1726 558 1766 sec.
588 1703 813 1770 domesticarum
837 1711 914 1772 enin
942 1724 1059 1776 tuarum

98 1837 196 1878 rerum
215 1817 242 1876 h.

56 1924 80 1986 6
99 1924 168 1985 Vox
189 1922 274 1984 rebus
294 1932 339 1982 est
359 1943 376 1981 o
397 1919 569 2000 glossatore.

55 2053 74 2112 7
96 2028 200 2092 Verbo
220 2048 297 2111 quae
316 2047 362 2087 me
375 2047 549 2108 magnopere
562 2024 710 2088 delectant
723 2026 833 2090 absunt
845 2028 885 2089 ab
898 2029 944 2091 ed.
958 2031 1058 2104 Med,

96 2147 193 2208 recte,
212 2155 281 2195 meo
302 2132 425 2215 quidem
446 2131 566 2194 iudIcio.

53 2241 294 2323 SQuintusdec.
326 2241 420 2300 liceat.
452 2241 487 2300 In
508 2260 568 2321 seq.
598 2239 736 2302 membro
764 2239 859 2302 verba
883 2263 940 2325 per
961 2243 1059 2304 literas

98 2352 234 2432 suspIcor
265 2346 427 2408 abundare.
454 2347 564 2407 Postea
588 2345 634 2409 ed.
661 2346 739 2409 Med.
767 2347 865 2411 addit:
890 2348 990 2432 Quid?
1016 2351 1059 2410 ci-

97 2478 176 2530 vem,
194 2468 249 2517 etc.

55 2587 77 2647 9
99 2563 145 2624 Ad
165 2564 289 2624 exitium
309 2563 383 2645 reip.
405 2555 622 2644 spectantibus3
643 2583 690 2645 ep.
704 2583 765 2646 seq.
786 2564 846 2626 Nec
865 2560 968 2626 fefellit
988 2585 1059 2625 con·

97 2673 213 2731 iectura
228 2669 412 2730 Ciceronem.
433 2668 550 2731 Μαηιιε.

60 2799 97 2838 ro
118 2775 225 2837 Malim
248 2777 339 2860 atqui.

61 2905 92 2944 ιι
117 2883 188 2944 Mea
207 2894 238 2945 et
264 2903 366 2944 rerum
395 2903 532 2945 mearum
561 2881 694 2945 conditio
721 2905 758 2945 ea
782 2895 834 2946 est.
861 2885 941 2946 Bene
969 2887 1060 2946 etiam

97 2973 265 3051 Manutius:
288 2990 346 3050 Hic
367 3000 460 3051 status
488 3010 573 3050 meus
600 3002 652 3051 est.
682 2989 825 3052 Similiter
852 2990 913 3051 fere
938 2990 1059 3050 Petron.

99 3095 163 3157 Sat.
184 3118 209 3157 c.
234 3097 286 3173 14,
307 3107 337 3158 et
358 3106 460 3178 aperte
481 3096 542 3157 Cic.
563 3096 601 3156 de
623 3096 685 3157 Off.
707 3099 739 3172 1,
759 3118 783 3157 e.
805 3097 852 3156 31.
875 3095 953 3158 cort.

60 3223 96 3263 η
119 3205 166 3263 Ita
185 3203 297 3284 Regius
311 3203 405 3264 Poris.
420 3203 502 3284 apud
527 3202 652 3264 Lallem.
677 3206 723 3264 uti
743 3202 852 3264 Schiitz
878 3214 907 3263 et
929 3202 1060 3263 Clericus

97 3309 266 3369 ediderunt.
286 3309 390 3390 Vulgo
405 3322 437 3370 ut
457 3330 549 3392 neque
569 3329 621 3384 ec,
641 3330 717 3391 quae
737 3330 814 3370 nureo
832 3309 939 3380 centro,
959 3309 1059 3382 velz'm3

95 3416 213 3476 dictum
233 3414 445 3497 hyperbolice:
468 3415 552 3479 Adeo
573 3418 679 3499 iniqua
699 3428 769 3477 sunt
790 3426 941 3498 tempora,
962 3427 992 3476 et
1012 3437 1061 3476 su-

96 3524 231 3604 spicione
252 3522 356 3605 plena,
374 3533 410 3583 ut
429 3543 491 3584 non
512 3524 626 3597 solum,
647 3545 725 3605 quoe
739 3525 851 3594 sentio,
871 3522 967 3583 nolim
988 3520 1062 3582 scri-

97 3627 190 3701 bere,
210 3650 249 3689 ne
269 3630 301 3688 in
322 3651 429 3692 monus
444 3630 555 3692 alienas
569 3631 717 3706 incidant3
738 3629 790 3690 sed
808 3651 846 3690 ne
867 3652 902 3690 ea
923 3628 1064 3712 quidem,

98 3755 261 3815 quaenon
282 3739 392 3812 sentio;
413 3758 448 3798 ex
470 3736 580 3819 quibus
601 3736 677 3798 nihil
699 3740 823 3798 omnino
845 3737 915 3797 mali
931 3735 1004 3795 milii
1020 3757 1064 3796 es·

99 3851 145 3901 set
166 3839 334 3902 timendum
364 3844 387 3902 si
409 3846 439 3903 in
460 3844 571 3904 alienos
592 3864 698 3909 monus
720 3841 899 3917 inciderent,
920 3863 1015 3926 quum
1029 3862 1065 3902 ea

100 3949 288 4030 scripserim,
309 3970 387 4034 quae
408 3971 514 4012 revera
533 3970 595 4011 non
616 3952 766 4012 sentirem.
