2632 4852
198 285 265 380 144
348 304 355 331 ¹
421 268 425 275 ¹
512 306 681 356 urrsrona
705 310 816 356 cmix.
961 308 1159 373 a.v.c.s99

192 411 277 512 quin
301 410 383 483 foris
408 422 498 481 esset
515 410 558 507 ⁵⁰,
589 407 802 508 postularat,
836 422 957 482 contra
992 410 1132 484 dicente
1151 415 1180 463 ⁵¹

192 550 228 609 et
252 535 338 608 nihil
362 533 541 607 obtinente
566 535 755 635 Torquato.
775 532 845 606 Sed
861 559 981 608 omnes
999 536 1184 612 absolven-

191 676 264 760 tur3
288 686 353 733 neo
378 659 525 760 posthac
552 660 734 761 quisquam
758 659 995 761 damnabitur,
1026 664 1094 736 nisi
1119 665 1180 764 qui

190 786 367 858 homiuem
393 784 567 858 occiderit.
594 786 672 858 Hoc
698 799 815 858 tamen
827 787 859 835 ⁵²
882 787 993 884 agitur
1018 789 1182 861 severius.

189 912 311 1012 Itaque
336 908 463 982 iudicia
476 912 507 960 ⁵³
527 910 649 983 calent.
674 911 720 982 Μ.
745 910 889 984 Fulvius
913 910 1074 984 Nobilior
1100 937 1181 984 con-

190 1035 372 1108 demnatus
397 1050 457 1108 est.
488 1034 591 1108 Multi
617 1033 675 1108 alii
698 1034 822 1108 urbani
838 1036 871 1102 54
894 1060 939 1108 ne
963 1036 1178 1135 respondent

190 1160 338 1262 quidem.
364 1160 460 1255 Quid
485 1160 582 1234 aliud
602 1159 708 1234 uovil
730 1162 779 1233 Et
803 1175 921 1235 tamen
939 1163 979 1233 55.
1004 1161 1179 1235 Absoluto

190 1286 358 1387 Gabinio,
391 1287 647 1360 stomachantes
682 1285 741 1358 alii
773 1285 923 1385 iudices,
954 1285 1041 1360 hora
1075 1302 1157 1387 post
1169 1344 1179 1387 7

119 1465 137 1474 -
187 1413 400 1487 Antiochum
425 1412 634 1511 Gabinium,
666 1412 785 1485 nescio
819 1438 924 1513 quem
956 1438 976 1484 e
1003 1412 1179 1512 Sopolidis

155 1538 157 1546 ‘
187 1538 395 1639 pictoribus,
430 1538 596 1612 libertum
632 1564 818 1612 accensum
833 1539 865 1589 55
903 1536 1064 1637 Gabinii,
1102 1537 1177 1636 lege

187 1665 296 1764 Papia
314 1665 343 1729 ⁵7
371 1663 654 1738 condemnarunt.
687 1665 810 1766 Itaque
844 1663 932 1738 dixit
956 1663 1074 1736 statim
1099 1689 1177 1735 reus

187 1791 226 1863 Ρ.
258 1789 334 1887 lege
366 1790 567 1863 maiestatis:
601 1791 636 1860 οὑ
661 1794 691 1859 σ’
715 1789 773 1860 oid'
799 1789 889 1886 Ἃρης
915 1792 980 1882 ἃμα
1007 1787 1177 1872 llorttinl⁵8

187 1915 406 2014 Pomptinius
431 1914 507 1988 vult
534 1941 562 1987 a.
588 1914 621 1987 d.
646 1914 830 1999 1111yN0n.
864 1913 1034 1988 Novemb.
1063 1915 1178 1986 trium-

186 2039 294 2141 phare
312 2041 351 2110 59.
378 2041 469 2114 Huic
495 2040 636 2113 obviam
661 2043 768 2140 Cato,
792 2055 828 2114 et
852 2039 1017 2114 Servilius
1033 2045 1177 2139 'praeto-

185 2190 241 2240 res
266 2180 401 2266 aperte,
427 2181 462 2239 et
479 2167 522 2259 Q.
540 2167 676 2239 Mucius
689 2170 720 2218 ⁶⁰
739 2166 906 2240 tribunus.
931 2165 1071 2271 Negant
1088 2165 1177 2236 enim

186 2289 295 2363 latum
322 2291 365 2362 de
389 2292 538 2391 imperio
556 2295 604 2363 6¹:
637 2306 673 2365 et
697 2307 750 2365 est
773 2290 882 2365 latum
908 2267 1049 2364 hercule
1073 2288 1178 2362 insul·

187 2442 223 2487 se
236 2419 277 2486 ⁶².
304 2415 372 2487 Sed
389 2418 454 2489 erit
472 2442 552 2490 cum
567 2418 770 2516 Pomptiuio
788 2415 924 2517 Appius
942 2415 1074 2490 consul.
1091 2416 1176 2488 Cato

186 2554 303 2614 tamen
335 2541 499 2641 affirmat,
531 2569 568 2614 se
600 2543 682 2617 vivo
715 2540 813 2613 illum
840 2567 913 2613 non
945 2539 1176 2640 triumphatu-

185 2669 315 2740 rum63.
340 2667 383 2740 Id
407 2694 471 2766 ego
496 2681 601 2767 puto,
626 2682 665 2739 ut
689 2667 798 2739 multa
824 2666 996 2765 eiusdem,
1021 2665 1069 2737 ad
1093 2662 1177 2736 nihil

185 2816 391 2864 recasurum.
427 2795 561 2892 Appius
595 2792 668 2864 sine
692 2791 784 2890 lege,
818 2817 881 2863 suo
907 2802 1052 2889 sumptu
1068 2788 1118 2886 54,
1141 2787 1175 2857 in

185 2915 341 2990 Ciliciam
368 2920 499 3016 cogitat
515 2932 537 3007 ].

235 3071 255 3144 7
282 3045 472 3115 Paccianae
499 3043 665 3143 epistolae
697 3042 885 3142 respondi:
919 3065 1092 3138 cognosco
1122 3063 1172 3109 ce·

101 3209 105 3216 -
184 3180 265 3239 tera.
303 3172 358 3286 lix
391 3169 502 3242 fratris
536 3169 644 3241 literis
679 3166 892 3241 incredibilia
927 3164 1100 3265 quaedam
1131 3161 1170 3232 de

184 3294 339 3366 Caesaris
364 3296 400 3365 in
424 3321 480 3366 me
506 3321 622 3368 amore
648 3295 809 3393 cognovi:
834 3318 942 3392 eaque
967 3303 1052 3362 sunt
1068 3287 1169 3389 ipsius

184 3419 338 3492 Caesaris
374 3419 554 3493 uberrimis
586 3422 710 3494 literis*
732 3421 944 3500 confirmata.
983 3411 1167 3489 Britannici

182 3539 265 3614 belli
289 3545 398 3625 erritus
424 3561 650 3645 exspectatur.
679 3549 825 3619 Constat
851 3544 943 3615 euim
977 3540 1093 3613 aditus
1124 3537 1166 3607 in-

184 3667 278 3741 sulae
304 3696 376 3743 esse
402 3674 555 3746 munitos
581 3670 731 3746 mirificis
756 3671 913 3745 molibus.
945 3668 1066 3741 Etiam
1089 3658 1162 3736 illud

183 3796 252 3868 iam
277 3773 452 3896 adgnitum
477 3813 546 3898 cst,
566 3827 677 3901 neque
695 3800 826 3898 argenti
840 3799 871 3850 55
888 3794 1079 3895 scripulum
1095 3808 1158 3860 ess⁰
