2632 4852
143 317 231 400 '232
491 345 821 395 errsromcnxxrr.
931 345 963 392 a,
981 348 1016 394 v.
1033 347 1061 393 c.
1081 361 1124 407 ,ω

456 547 508 615 Ser.
526 545 619 598 Romae
637 548 670 598 Α.
686 543 719 598 V.
736 543 765 598 C.
784 543 858 598 DCC.

339 744 382 810 Μ.
406 743 609 827 nolente
634 743 667 807 C.
692 740 855 809 CVRIONI
879 745 910 807 S.
932 743 972 808 D.

209 950 448 1053 Epistularum
473 958 627 1048 genera*
654 947 763 1022 multa
795 972 869 1021 esse
894 972 969 1021 non
994 949 1152 1049 ignoras3

160 1078 222 1151 sed
246 1103 356 1149 unum
379 1074 466 1148 illud
492 1072 720 1149 certissimum
731 1089 757 1175 ²,
773 1074 871 1147 cuius
888 1100 994 1149 causa
1009 1076 1151 1149 inventa

160 1230 214 1276 res
239 1204 316 1302 ipsa
341 1214 414 1300 est,
446 1214 486 1274 ut
511 1201 674 1274 certiores
700 1200 890 1274 faceremus
915 1199 1077 1274 absentes
1089 1203 1151 1300 ,si
1193 1272 1202 1284 ,

161 1326 246 1428 quid
271 1341 380 1412 esset,
406 1325 502 1426 quod
527 1350 586 1399 eos
613 1327 700 1398 scire
725 1338 786 1397 aut
810 1338 951 1426 nostra,
977 1339 1039 1398 aut
1063 1326 1154 1426 ipso-

161 1478 239 1524 rum
264 1438 453 1524 interesset.
478 1451 590 1523 Huius
616 1451 781 1549 generis³
806 1449 924 1523 literas
947 1477 968 1522 a
994 1476 1053 1522 me
1077 1475 1153 1550 pro·

160 1577 252 1650 secto
277 1603 350 1649 nou
376 1589 555 1677 exspectas
572 1575 597 1648 l.
633 1573 789 1648 Tuarum
821 1576 914 1648 enim
946 1600 1064 1649 rerum
1091 1576 1153 1648 do·

160 1687 413 1774 mesticarurn5
438 1699 546 1774 habes
582 1715 618 1773 et
653 1701 839 1803 scriptores
871 1715 908 1774 et
934 1702 1089 1774 nuntios.
1112 1703 1182 1774 Iu.

159 1828 245 1899 meis
271 1839 387 1919 autem
412 1825 548 1898 rebus⁶
573 1825 659 1899 nihil
691 1840 743 1898 est
775 1851 858 1899 saue
882 1827 977 1900 novi.
1010 1826 1152 1928 Reliqua

160 1966 243 2024 sunt
267 1949 492 2050 epistolarum
524 1977 649 2049 genera
682 1951 774 2050 duo,
811 1978 899 2052 quae
930 1977 989 2024 me
1014 1977 1152 2052 magno·
1192 2040 1199 2053 Δ

159 2102 243 2176 pere
269 2075 445 2149 delectant
461 2094 493 2147 ⁷:
521 2102 630 2149 unum
654 2076 819 2149 familiare
844 2092 880 2149 et
903 2078 1082 2176 iocosum,
1105 2077 1152 2150 al-

160 2213 273 2275 terum
298 2227 458 2275 severum
483 2215 519 2273 et
544 2227 657 2299 grave.
674 2203 766 2274 Vtro
782 2227 838 2274 me
862 2203 978 2275 minus
1004 2202 1154 2276 deceat⁸

159 2328 211 2397 uti
222 2383 233 2425 ,
257 2351 330 2398 non
354 2326 518 2424 intelligo.
543 2327 687 2399 Ioceme
713 2342 830 2399 tecum
852 2353 918 2427 per
940 2327 1082 2402 literasi
1107 2330 1153 2400 ci·

159 2478 240 2524 vern
264 2452 461 2525 mehercule
493 2478 566 2525 non
599 2467 687 2553 puto
720 2480 816 2552 esse,
849 2455 911 2555 qui
934 2453 1153 2552 temporibus

159 2575 248 2647 hiso
273 2578 385 2650 ridere
410 2579 530 2678 possit.
566 2581 622 2652 An
659 2580 797 2676 gravius
821 2577 952 2680 aliquid
977 2577 1153 2652 scribaml

160 2701 244 2801 quid
269 2717 338 2800 est,
363 2702 459 2803 quod
482 2705 610 2804 possit¹
627 2705 777 2802 graviter
808 2730 828 2776 a
854 2705 1026 2776 Cicerone
1052 2703 1152 2777 scribi

160 2826 205 2897 ad
231 2827 433 2927 Curionem,
459 2829 525 2900 nisi
551 2829 595 2901 de
618 2855 655 2931 re
672 2827 838 2929 publicai
855 2831 1015 2929 Atque-¹⁰
1035 2827 1074 2902 in
1089 2829 1154 2901 boc

160 2973 286 3057 genere
310 2952 397 3026 haec
421 2979 499 3027 mea
525 2979 629 3028 causa
654 2967 707 3027 est
726 2971 766 3053 ¹¹,
790 2968 830 3026 ut
853 2980 968 3055 neque
994 2981 1053 3054 ea,
1070 2980 1152 3057 quae

157 3077 291 3177 sentio,
327 3104 394 3151 nec
428 3105 516 3180 quae
547 3105 621 3153 nou
658 3082 771 3153 sentio
792 3095 832 3178 ¹¹,
864 3079 970 3153 velim
994 3080 1152 3153 scribere.

158 3202 413 3302 Quamobrem,
439 3205 605 3305 quoniam
630 3205 717 3278 mihi
741 3205 875 3278 nullum
902 3203 1082 3278 scribendi
1106 3230 1153 3278 ar

157 3342 361 3424 gumeutum
386 3329 545 3403 relictum
578 3345 651 3430 est,
688 3343 767 3403 utar
801 3358 842 3404 ea
875 3330 1055 3429 clausula,
1088 3355 1151 3433 qua

156 3449 271 3551 soleo,
296 3466 400 3554 teque
425 3455 471 3527 ad
496 3454 651 3530 studium
675 3481 830 3531 summae
854 3455 970 3531 laudis
996 3457 1151 3530 cohoru-

155 3573 223 3649 bor
238 3579 277 3649 ¹³.
303 3578 369 3652 Est
393 3581 487 3654 enim
513 3581 576 3655 tibi
602 3583 714 3680 gravis
740 3583 938 3657 adversaria
963 3583 1148 3656 constituta

156 3714 192 3773 et
223 3718 367 3804 parata,
403 3706 615 3781 incredibilis
653 3709 825 3808 quaedam
857 3709 1076 3807 exspectatio
1101 3705 1145 3773 ¹4:

156 3851 259 3924 quarn
292 3843 330 3929 tu
365 3856 434 3904 una
465 3859 502 3905 re
535 3833 693 3906 facillime
720 3835 838 3908 vinces
858 3835 898 3931 ¹⁵,
930 3835 959 3906 si
984 3833 1055 3906 hoc
1078 3843 1150 3926 sta·¹
