2632 4852
428 333 464 379 ru
491 327 681 380 artsrotts
983 303 1076 383 351‘

55 457 93 497 ro
113 434 164 495 Sic
177 433 223 496 ed.
235 433 291 494 Ro.
304 431 391 493 limb.
406 455 440 495 12
454 436 485 493 iu
499 453 594 514 marg.
608 444 638 492 et
651 431 783 504 Manat,
797 432 880 513 quod
890 443 920 493 et
935 432 1058 508 Schutr,

95 540 237 603 suadente
258 539 415 613 Ernestio‚
435 543 558 623 recepit.
579 541 683 621 Vulgo
696 537 789 601 'abest
813 539 914 601 ὺοηιιε.

55 672 87 710 tt
112 649 234 711 Titulus
246 658 291 709 est
304 648 385 732 apud
399 647 494 709 lCtos.
509 646 626 710 Manu
639 646 701 709 Vbi
717 645 801 729 quod
814 666 977 709 commuue
995 668 1059 710 esse

92 758 192 839 coepit
213 757 270 834 (ut
289 757 313 816 si
340 753 403 815 duo
429 775 494 816 rem
521 753 649 816 eandem
682 755 831 828 emerint,
856 764 909 816 aut
939 754 1061 818 duobus

93 864 176 923 idem
196 863 330 945 legatum
354 862 460 923 eadem
484 861 635 924 hereditas
660 860 837 942 obvenerit)
865 873 986 945 oportet
1012 862 1059 924 di·
1181 906 1195 923 .

93 970 173 1043 vidi,
192 981 223 1031 et
242 968 434 1031 adbibeberis
455 969 562 1043 lCtus,
582 990 621 1029 an
642 967 782 1030 suadebis
808 971 947 1052 utrique,
967 981 1002 1031 ut
1028 990 1060 1032 sc

92 1087 212 1137 tautum
233 1078 385 1160 respiciat,
397 1079 511 1138 socium
526 1076 665 1138 fraudati
680 1076 707 1136 Ι.
721 1077 776 1138 Fr.
792 1074 964 1140 Gronovius.
979 1077 1061 1140 vict.

95 1181 261 1247 dividendo,
529 1245 532 1252 ,

55 1311 92 1352 12
114 1289 185 1352 Vid.
206 1289 313 1374 adep.
334 1290 487 1364 CXXVI,
510 1312 534 1351 1.
556 1290 721 1373 Superiora
747 1293 779 1351 in
793 1290 900 1352 thum
920 1294 1060 1375 proprie,

93 1397 154 1457 hoc
167 1400 199 1458 in
213 1418 317 1460 omnes
338 1401 540 1459 communiter
560 1401 709 1461 convenit.
729 1398 841 1460 Evenit
854 1402 951 1473 enim,
964 1411 999 1461 ut
1012 1403 1061 1461 iu-

95 1526 197 1565 remus
217 1503 288 1566 fidei
310 1503 463 1568 faciendae
477 1508 585 1588 gratia.
606 1509 647 1567 At
658 1505 803 1590 Epicurei
817 1528 873 1567 cur
886 1510 985 1569 iurent
999 1530 1061 1570 nou

95 1626 148 1672 est
168 1612 250 1672 Deos
271 1615 351 1672 euim
372 1615 465 1673 iratos
485 1634 547 1674 nou
566 1615 690 1687 timent,
711 1635 788 1695 quos
809 1616 896 1674 aiunt
922 1635 985 1675 non
1006 1636 1060 1675 cu-

95 1738 163 1779 rare
177 1717 332 1790 mortalia,
344 1739 443 1800 ueque
463 1721 545 1802 ipsos
565 1718 680 1781 habere
703 1721 858 1784 molestiae
879 1723 1060 1805 quicquam,

94 1844 195 1906 neque
215 1827 359 1906 cuiquam
380 1825 636 1912 infarreaManut.

57 1933 94 1992 13
114 1930 252 1995 Vlubrae
272 1933 350 1994 Latii
371 1933 519 2016 oppidum
540 1937 571 1994 in
591 1934 730 1996 clientela
751 1934 906 2012 Trebatii3
933 1935 1060 2019 epistola

97 2038 274 2112 CLXXIII,
295 2041 325 2100 3.

57 2147 96 2222 14
114 2145 245 2207 Dicebat
263 2146 436 2230 Epicurus,
454 2169 549 2231 remp.
575 2170 731 2231 capessere
751 2149 905 2210 hominem
926 2147 1003 2209 bene
1017 2170 1063 2210 sa·

96 2272 171 2313 num
191 2273 254 2319 uon
267 2266 417 2336 oportere.
440 2253 563 2316 Corrad
577 2256 648 2318 Vid.
665 2256 745 2316 laud.
760 2277 818 2340 pro
833 2255 938 2317 Sextio
951 2256 1061 2316 locum.

60 2358 99 2420 15
118 2359 322 2434 Academicis,
343 2365 394 2444 qui
417 2374 527 2423 sectam
550 2362 728 2424 Academiae
749 2365 912 2445 sequimur.

60 2465 98 2527 16
117 2467 226 2528 Noster
247 2490 264 2550 7
286 2478 316 2532 et
336 2469 466 2530 aliorum
488 2471 605 2553 aliquot
623 2472 742 2532 sce-ibas.

493 2710 631 2774 CLXXI.

59 2918 69 2956 1
95 2895 154 2958 Ed.
175 2898 233 2959 Ro.
255 2897 287 2960 C.
313 2897 459 2961 Trebatio.
477 2911 480 2918 '

56 3024 74 3062 2
96 3002 175 3065 Edd.
196 3016 268 3066 vett.
289 3006 426 3068 iniustum
445 3027 501 3068 me.
764 3029 799 3072 Α

24 3146 26 3151 -
55 3111 74 3170 s
96 3110 176 3193 app.
198 3090 355 3187 cxxiv,
369 3123 399 3176 a
413 3111 584 3174 cxxx1x.
604 3112 676 3174 uuo
691 3111 803 3174 cass.
823 3111 884 3173 za.
905 3111 929 3172 s
950 3110 1060 3173 atera.

97 3216 155 3277 Ro.
177 3219 241 3279 unis
262 3219 358 3282 buras.

54 3323 75 3399 4
96 3323 168 3384 Rec.
189 3334 250 3386 tres
270 3325 379 3388 Ambb.
401 3337 431 3388 et
445 3325 511 3388 edd.
525 3336 597 3389 vett
612 3347 682 3388 cum
696 3326 777 3387 Man.
792 3324 900 3387 Lamb.
912 3322 976 3407 suit
989 3324 1066 3385 ullas.

55 3428 76 3489 5
96 3428 176 3490 Edd.
197 3431 254 3493 Ro.
276 3433 352 3495 lens.
373 3433 454 3497 Man.
475 3433 583 3495 Lamb.
605 3434 763 3495 literarum.

54 3534 75 3595 6
96 3535 276 3618 Cognomen
297 3540 443 3603 Trebatii.
465 3543 584 3604 Manus
603 3541 663 3603 Zel.
684 3541 726 3614 B,
747 3540 812 3601 edd.
828 3550 898 3600 vett.
914 3559 983 3600 cum
998 3536 1064 3597 Ma·

93 3647 183 3705 nutio
204 3646 251 3706 mt'
269 3646 372 3722 Testa,¹
392 3671 470 3711 unus
491 3649 579 3713 Amb.
600 3650 621 3712 6
641 3646 725 3713 Audi
737 3670 783 3711 me
809 3645 914 3722 Tasta,
935 3647 1027 3708 vuum
1040 3666 1064 3704 s.

76 3732 226 3831 *peccunia
247 3765 274 3814 tc
285 3752 375 3838 facit.

58 3877 76 3936 7
98 3856 182 3920 Vide
203 3858 242 3920 ad
262 3882 310 3944 ep.
331 3862 491 3937 CLXVII,
513 3886 539 3925 2.
649 3885 656 3904 ¹
