2632 4852
173 335 244 408 268
534 351 802 402 Aarornrrouas

208 455 383 516 Trebatium
406 455 510 515 Cicero
537 458 697 537 coepisset,
716 455 850 520 adiunxit
878 474 915 515 ea
942 459 1076 537 quaein
1104 459 1163 524 eius

207 562 346 623 laudibus
367 565 407 622 ita
427 562 526 643 prima
546 573 632 632 sunt,
658 572 692 621 ut
719 563 805 641 quasi
831 558 981 650 familiam!
1006 562 1117 622 ducere
1135 575 1163 624 et
1200 586 1205 591 ·

208 645 350 728 excellere
370 667 535 727 videantur.
557 665 673 727 Manut.
694 667 800 752 ltaque
820 666 902 748 quod
924 686 987 728 non
1015 669 1128 749 pendet
1147 692 1162 729 a

207 773 422 857 supercadit,
447 771 498 833 sed
524 794 543 831 a
569 771 731 832 subaudita
758 771 806 844 id,
825 771 855 832 h.
875 795 901 834 e.
929 773 962 832 id
985 775 1070 856 quod
1085 775 1116 856 f.
1133 775 1162 835 d.

205 883 252 941 De
272 900 380 961 genere
400 877 542 959 loquendi
562 879 631 938 vide
651 881 682 937 in
703 877 768 939 lud.
789 879 890 938 Minus
904 890 985 941 recte
1005 882 1161 942 infra'tres

205 984 313 1047 nmbb.
334 986 404 1045 Rec.
424 996 453 1044 et
473 985 519 1044 ed.
540 986 612 1044 Min.
633 985 775 1066 singulari
793 987 940 1046 raemoria.

171 1093 205 1154 ¹8
226 1093 292 1153 Hoc
306 1090 477 1151 membrum
498 1091 842 1172 benivolentium—peto
861 1090 945 1152 deest
964 1094 997 1152 in
1008 1093 1078 1153 cod.
1093 1094 1158 1153 Rea.

205 1199 276 1259 Mox
290 1198 370 1259 idem
384 1197 454 1257 Rec.
474 1207 505 1256 et
524 1195 590 1256 edd.
604 1197 660 1256 Ro.
674 1197 754 1258 Med
774 1197 848 1257 Min.
866 1199 978 1277 glouba
998 1199 1158 1279 irtsignibus.

172 1325 208 1386 19
227 1302 419 1365 Vocabulum
435 1304 475 1362 ita
488 1301 598 1363 delevit
610 1301 789 1376 Lambinus,
808 1303 890 1384 quod
901 1315 1004 1364 tamen
1016 1305 1155 1387 frequen-

202 1420 250 1470 ter
269 1430 331 1469 non
349 1412 411 1468 sine
432 1409 534 1489 lepore
550 1407 631 1490 apud
646 1408 822 1470 Ciceronem
836 1408 995 1473 abundare
1008 1411 1158 1484 videmus3

203 1513 273 1576 vide
293 1513 356 1575 lnd.
369 1514 441 1574 Mox
461 1515 563 1574 omnia
575 1514 650 1574 illa
639 1527 741 1588 istam,
760 1528 790 1575 et
808 1515 926 1576 victorae
945 1529 976 1581 et
985 1515 1056 1643 fide
1072 1538 1158 1596 prae·

203 1634 328 1682 stantem
348 1641 409 1680 non
430 1623 565 1701 agnoscit
585 1619 673 1682 Amb
699 1619 742 1681 15.

163 1747 202 1789 ιο
223 1727 272 1786 Sic
296 1729 389 1786 nostri
415 1747 534 1798 omnes,
562 1727 633 1787 Rec.
659 1737 689 1787 et
718 1725 784 1787 edd.
808 1726 864 1786 Ro.
891 1727 972 1787 Med.
994 1727 1145 1810 Vulgo
1120 1751 1154 1788 st-

202 1853 273 1892 mus.
294 1833 365 1891 Mox
386 1831 452 1892 edd.
473 1835 549 1893 lens.
570 1834 642 1893 Min
663 1831 896 1913 pudentiusculi,
922 1833 1007 1915 quod
1034 1836 1079 1896 rei
1099 1855 1155 1896 non

203 1940 351 2015 convenit

163 2065 197 2104 ar
223 2045 273 2103 Sic
293 2047 408 2126 primus
429 2048 557 2105 correxit
575 2045 744 2122 Emestius3
765 2046 857 2126 vulgo
876 2067 968 2128 qrtum
984 2067 1044 2128 per
1063 2059 1106 2120 te,
1116 2047 1153 2107 fa-

200 2163 282 2210 otum
303 2153 418 2210 incuria
438 2151 647 2224 librariorum,
668 2155 720 2233 qui
737 2151 929 2234 putriliusculi
950 2173 1011 2235 pro
1035 2175 1153 2236 compa-

163 2301 166 2308 .
201 2258 298 2319 rativo
319 2267 480 2339 ceperunt,
500 2279 594 2340 quum
614 2259 715 2341 potius
735 2258 832 2341 putidi
852 2259 1070 2321 diminutivum
1091 2263 1134 2320 sit.

573 2496 742 2558 CXXXIV.

164 2699 174 2740 1
200 2678 268 2740 Scil.
290 2679 327 2741 de
348 2703 408 2761 qua
433 2681 583 2764 scripsisti.
606 2683 801 2763 Anaxagorae
827 2680 884 2743 fuit
912 2684 1034 2766 opinio,
1055 2688 1149 2747 nivern

201 2807 263 2847 esse
284 2798 380 2847 atram
402 2789 507 2865 (Acad.
536 2788 581 2860 ll,
603 2789 681 2868 31),
697 2790 780 2870 quod
800 2810 834 2850 ex
854 2811 935 2870 aqua
955 2791 1061 2864 fieret,
1081 2813 1149 2874 quae

197 2894 285 2973 nigra
297 2904 380 2954 esset.
399 2895 464 2954 Hac
478 2915 568 2977 super
580 2916 613 2956 re
626 2894 751 2956 fortasse
764 2899 923 2978 scripserat
936 2897 1082 2975 Quintus.
1096 2896 1148 2957 Sed

199 3001 267 3060 vide
286 3002 400 3061 Manut.
426 3002 508 3062 lnfra
532 3005 631 3062 statim
645 3002 741 3062 Amba
752 3001 787 3062 ι6
803 3023 830 3063 α.
845 3024 906 3062 esse
913 3048 923 3076 ,
936 3016 970 3062 ut
980 3017 1072 3085 puto,
1084 3002 1123 3064 ud
1131 3004 1146 3061 ι’.

85 3170 87 3174 ,
160 3126 177 3164 a
199 3107 266 3166 Non
286 3105 395 3167 debere
415 3128 469 3168 nos
489 3111 577 3168 unius
597 3108 735 3191 Pompeii
755 3111 884 3168 amicitia
904 3111 971 3170 niti.
992 3110 1108 3171 Manat.

162 3211 180 3271 3
201 3213 335 3273 Calabro.

157 3318 178 3394 4
199 3317 317 3392 Faveo,
329 3341 428 3401 neque
441 3321 541 3382 favere
554 3342 698 3403 umquam
713 3321 854 3381 desinam.
875 3323 1013 3382 Ductum
1034 3345 1052 3383 a
1065 3321 1146 3383 rebus

195 3427 368 3498 carissimis,
390 3448 464 3516 quas
484 3430 514 3486 in
528 3431 596 3487 sinu
610 3439 775 3508 gestamus,
795 3448 872 3508 quae
886 3449 924 3486 ne
938 3430 1079 3489 excidant
1092 3449 1146 3488 non

194 3530 396 3613 discingimur.
417 3533 535 3597 Manat.

155 3632 176 3694 5
195 3634 230 3695 ld
243 3649 288 3698 est
301 3641 476 3700 constitutus
491 3641 588 3701 edicto
601 3643 757 3722 praetoris.
771 3641 859 3702 Van.
873 3640 954 3701 Aut:
971 3643 1077 3703 Dictus
1089 3653 1144 3701 erat

156 3741 228 3802 C.
248 3743 319 3804 dies.
339 3746 453 3806 Dies
425 3751 584 3819 nimirum,
605 3770 667 3828 quo
687 3748 785 3808 Rufus
806 3769 926 3809 oausam
940 3749 980 3809 de
994 3772 1025 3811 ιι
1016 3750 1144 3811 diceret

156 3883 168 3888 .,
195 3849 275 3928 apud
295 3863 462 3933 praetorem
484 3854 537 3915 Cn.
558 3856 726 3917 Domitium
746 3854 997 3917 Ahenobarbum.
