2632 4852
172 347 244 440 348
331 434 334 438 ¹
539 362 808 415 nasammonas

207 473 259 530 vio
278 467 434 551 placehat3
455 467 546 547 vulgo
565 486 587 526 a
606 468 678 539 νίως
697 466 863 526 Lambinus
883 486 901 526 e
920 466 979 526 vita
998 463 1175 543 decederet,

120 592 123 597 ·
208 574 292 657 quod
312 572 378 634 rod.
400 572 586 660 Seaelsianus
606 570 709 632 babet.
892 577 897 589 “

168 681 335 760 4Ambb.‚
354 691 475 764 praeter
496 703 513 760 7
535 691 565 740 et
589 680 640 756 14,
660 678 716 739 dei.

166 788 283 849 5Edd.
304 788 360 848 Ro.
382 790 458 849 lens
478 787 559 848 Man.
579 784 687 847 Lamb.
707 787 757 846 cui
774 804 878 860 aarum
897 797 928 849 et
948 806 1021 848 mox
1049 789 1172 909 eaedem

203 893 412 978 petiuermdm.

598 1106 733 1172 CLXIX.

170 1347 181 1386 ι
208 1325 294 1410 Rupe
314 1325 431 1388 nomen
444 1324 508 1387 esse
528 1323 653 1386 alieuius
674 1322 790 1398 liberti,
812 1344 903 1407 quem
923 1323 1018 1385 Curio
1040 1324 1170 1387 Romam

204 1436 347 1505 misisset,
366 1446 401 1495 ut
420 1436 453 1494 in
472 1433 578 1494 funere
597 1435 693 1516 patris
714 1436 760 1493 sui
783 1433 847 1515 (ep.
874 1435 958 1514 sup.)
987 1431 1078 1492 ludos
1107 1433 1170 1512 gla-

203 1539 349 1602 diatorios
369 1541 486 1624 populo
506 1543 713 1624 promitteret,
740 1542 801 1599 iam
821 1539 898 1599 vidit
917 1539 1096 1610 Victorius,
1118 1542 1170 1620 qui

202 1651 319 1730 primus
340 1649 498 1730 vulgatum
518 1649 592 1708 olim
607 1667 710 1731 nuper,
730 1648 777 1709 vel
791 1668 894 1729 nempe
915 1647 1167 1708 mutavit'in'liu·

200 1776 268 1835 poe.
295 1754 488 1817 Victorianae
517 1750 696 1814 correctioni
722 1755 823 1814 favere
854 1752 1038 1835 deprehensi
1063 1755 1168 1836 postea

203 1872 273 1920 sunt
293 1860 377 1921 codd
399 1860 537 1933 Graevii,
558 1862 680 1921 Amstel
700 1869 731 1921 et
750 1880 831 1921 nuno
852 1859 940 1920 amb.
962 1881 1022 1920 sec

164 1987 182 2024 2
204 1966 262 2027 Hie
281 1987 404 2027 munera
424 1969 574 2050 appellat,
593 1990 672 2051 quae
697 1970 730 2028 in
759 1989 807 2052 ep.
834 1966 964 2030 CXXVI
995 1977 1168 2027 constanter

203 2073 289 2134 ludos
309 2075 482 2157 appellavit.

162 2181 181 2239 3
201 2179 287 2242 Vt
264 2202 288 2241 si
309 2183 467 2242 consilium
487 2194 625 2244 nostrum
651 2182 814 2266 probares,
841 2191 962 2242 mutare
987 2183 1166 2241 seutentiam

171 2304 174 2310 ‘
199 2308 310 2370 posses.
331 2288 502 2350 Verebatur
532 2290 656 2363 Cicero,
682 2311 721 2351 ne
746 2288 924 2350 muneribus
954 2287 1076 2348 dandis·
1094 2290 1167 2348 aeris

199 2394 287 2454 alieni
321 2395 487 2477 plurimum
519 2396 612 2457 Curio
643 2396 856 2468 contraheret,
879 2394 997 2476 eoque‘
1022 2405 1168 2463 coactus,

199 2505 309 2562 omissa
329 2505 371 2562 rei
392 2502 476 2585 publ.
497 2523 601 2582 causa,
622 2504 692 2563 curn
712 2502 860 2586 improbis
881 2500 1000 2563 civibus
1023 2503 1166 2560 maxime-

198 2629 258 2686 que
285 2630 354 2668 cum
387 2610 514 2670 Caesare
545 2614 716 2671 societatem
745 2609 832 2669 bonis
860 2610 1021 2669 exitiosam
1054 2611 1167 2677 coiret,

199 2713 282 2793 quod
303 2715 344 2774 ita
368 2719 493 2798 contigit
515 2719 583 2798 (ep
605 2717 759 2788 CCXLH,
781 2717 831 2795 3).
852 2710 972 2777 Monet.

160 2819 181 2894 4
201 2820 271 2880 Mss.
293 2821 391 2881 multi
402 2824 505 2886 Meam
524 2822 642 2906 quidem
663 2826 849 2895 sententiam,
870 2823 917 2883 vel
940 2822 1093 2904 Equidem
1104 2842 1165 2880 ren

199 2928 318 2987 tentiam
338 2949 440 2989 meam
1104 2940 1107 2945 '

157 3031 181 3110 5„
197 3032 247 3093 sic
261 3035 354 3107 Vici,
375 3058 507 3118 quocum
527 3037 615 3098 Amb.
637 3040 783 3121 septimus
800 3038 879 3097 facit.
901 3036 1009 3118 Vulgo
1030 3035 1163 3107 adeam

94 3150 103 3155 ”
195 3162 360 3222 quaeror,
375 3147 423 3203 cui
438 3144 600 3217 referatur,
621 3167 682 3207 non
701 3144 808 3219 habet3
828 3142 923 3203 babet
936 3165 1013 3204 vero
1028 3146 1052 3202 si
1075 3143 1161 3203 aliam

195 3246 369 3322 lectionem,
390 3273 481 3332 quam
503 3274 520 3311 a
541 3253 693 3312 nonnullis
708 3251 794 3312 codd.
810 3261 1071 3332 repraesentatam
1093 3249 1160 3307 dixi·

194 3373 278 3427 mus,
304 3376 432 3439 reponas
463 3379 560 3420 nream
592 3359 711 3441 quidem
739 3359 927 3429 sententiam,
957 3378 1071 3439 nempe
1098 3376 1159 3414 sen-

198 3463 325 3523 tentiam.
352 3464 462 3527 Sensus
488 3480 546 3528 est:
578 3464 630 3527 ue¹
646 3467 758 3528 habeas
784 3469 950 3548 quiequam
972 3469 1098 3547 cogitati
1124 3462 1157 3522 ad

193 3569 437 3650 respondendum
459 3575 546 3634 adea
560 3597 637 3658 quae
658 3575 733 3635 mihi
754 3585 853 3635 essent
873 3573 1012 3633 dicenda.

154 3669 174 3729 6
195 3671 325 3752 Schutz
343 3687 467 3742 auctore
487 3684 592 3742 Mart·
578 3684 735 3764 -Laguna,
756 3695 785 3742 et
806 3695 837 3741 ut
861 3681 1058 3762 imparatum,
1080 3675 1154 3760 quod

193 3778 288 3841 nihilo
308 3786 414 3847 melius
435 3789 514 3850 valet
534 3790 667 3870 vulgato.
688 3791 796 3852 Noster
817 3798 886 3849 sext.
908 3789 940 3848 in
957 3789 1110 3868 provincio
1130 3797 1151 3842 te

192 3883 358 3965 offendam,
379 3915 486 3956 coram.
