2632 4852
443 343 478 386 in
505 335 693 387 nrrsronns
995 317 1064 417 367

65 449 83 504 3
105 446 173 504 Non
194 443 372 511 triennium,
393 440 444 499 sed
466 442 704 521 quinquennium
726 439 923 499 frumentario
945 423 1066 520 negotii)

106 552 169 631 (ep.
184 546 378 616 LXXXVII,
399 547 435 624 α)
458 545 589 628 praefuit
609 543 780 626 Pompeius.
801 546 891 607 Notat
912 547 1005 626 igitur
1019 547 1067 606 Ci-

105 675 175 714 cero
201 663 337 734 tempus,
363 672 424 711 non
452 673 513 733 quo
541 652 705 734 Pompeius
732 672 799 713 eam
829 672 933 713 curem
960 655 1066 731 gessit,

103 761 156 821 scd
176 781 239 841 quo
259 758 437 819 beneficium
460 760 575 819 Avieno
597 760 780 839 impetravit.
802 759 919 821 Manat.

485 961 650 1058 ccxxxi.

66 1211 75 1248 r
103 1188 181 1247 Cum
203 1189 309 1246 ironia.
335 1187 459 1245 Minime
486 1189 566 1245 enim
592 1196 714 1257 acutus,
741 1188 793 1266 qui
819 1185 942 1247 mandet
970 1190 1011 1258 ei,
1032 1199 1070 1253 ut
1140 1172 1142 1177 ,

102 1294 218 1376 aliquid
239 1293 295 1353 sibi
316 1303 411 1362 emat,
433 1294 481 1351 cui
503 1303 537 1352 ut
552 1289 694 1353 coheredi
715 1290 854 1374 expediat
875 1291 948 1352 illud
963 1296 1064 1355 venire

101 1400 337 1482 quamplurimo.
369 1400 529 1480 Negotium
555 1410 657 1458 tamen
684 1400 825 1458 emtionis
848 1398 931 1479 quod
956 1399 1065 1471 fuerit,

101 1528 192 1566 nemo
213 1505 329 1566 dixerit.

60 1635 78 1672 2
102 1614 171 1673 Seil.
192 1612 394 1672 determinasti
416 1614 557 1694 pretium.
578 1611 687 1672 Paullo
716 1632 808 1691 supra
833 1610 899 1671 cod.
925 1612 995 1672 Rec.
1026 1614 1065 1672 ri-

101 1718 171 1779 disti
185 1720 353 1799 plurimum.

60 1827 77 1885 3
101 1827 327 1906 Transegissem
354 1846 423 1885 cum
450 1824 664 1896 coheredibus,
685 1837 720 1885 ut
744 1825 814 1896 tibi,
841 1846 919 1905 quae
946 1846 981 1886 ex
1010 1847 1064 1886 eu-

100 1935 199 1991 ctione
229 1952 327 1991 emere
355 1930 465 2003 velles,
493 1931 613 1991 modico
644 1932 744 2012 pretio
776 1941 860 1989 extra
892 1934 1062 1992 auctionem

98 2037 271 2098 venderent.
294 2036 412 2096 Schitrz.
433 2038 504 2098 lllox
525 2037 633 2098 Zelrl
660 2047 690 2096 et
715 2035 781 2097 cdd.
806 2036 863 2097 no.
890 2036 969 2097 Med.
996 2058 1063 2096 cuns

99 2144 260 2204 heredibus.

56 2253 77 2328 4
99 2251 150 2310 Sic
169 2253 264 2311 nostri
289 2271 322 2309 12
345 2262 375 2312 et
399 2254 433 2310 13
455 2271 524 2310 cum
545 2252 699 2327 Manuti03
722 2254 819 2321 ceteri,
834 2272 902 2312 eum
917 2249 984 2311 edd.
999 2252 1060 2331 pri-

98 2359 155 2416 scis
181 2357 340 2437 qnoniam,
367 2357 402 2416 cl.
429 2378 475 2440 ep.
498 2357 754 2429 CDLXXVl,·2.
777 2357 879 2438 Vulgo
905 2379 973 2416 cnm
999 2359 1062 2418 sive

97 2485 198 2545 quiem.
219 2463 279 2522 Zel.
305 2462 329 2522 Β
356 2483 433 2522 nnnc
459 2467 558 2524 omnin
580 2465 721 2543 (fortasse
749 2467 884 2543 omnino)
915 2458 1061 2545 quoniam.

55 2569 76 2628 5
97 2571 267 2642 illicitator,
287 2582 321 2630 ut
342 2574 459 2632 monuit
475 2571 679 2653 Heusingerus
701 2571 758 2650 (ad
773 2571 835 2630 Off.
851 2572 911 2643 ΙΙΙ,
930 2570 998 2649 15),
1020 2581 1065 2631 est

96 2686 197 2736 emtor
217 2677 388 2750 simulatus,
408 2680 462 2759 qui
483 2677 557 2738 alios
585 2678 731 2739 licitantes
757 2678 902 2739 licitando
929 2688 1064 2760 superat,

96 2794 131 2842 ut
153 2804 256 2842 rerum
277 2784 428 2844 renalium
449 2788 547 2866 pretia
568 2785 719 2847 accendat.
749 2785 799 2845 Sic
825 2806 894 2846 cum
923 2784 1064 2846 Schtitzio

97 2910 203 2950 omnes
233 2890 296 2950 fere
323 2889 431 2951 nmbb.
463 2890 624 2952 scribentes
654 2893 856 2953 inlicitatorem
885 2913 956 2952 cum
984 2892 1064 2953 Vict.

96 3007 126 3055 et
157 2997 298 3057 Grutero.
325 2999 364 3057 At
391 2997 457 3057 edd.
479 3008 548 3058 vett.
570 2999 794 3059 inlicitationem.
821 2997 893 3058 Mox
913 3017 1063 3079 apponam

96 3101 181 3161 dedit
201 3104 367 3175 Graevius,
389 3104 472 3185 quod
493 3116 537 3164 est
559 3103 685 3165 verbum
712 3107 850 3165 usitatius
871 3106 910 3161 ‘in
938 3101 996 3162 hac
1014 3124 1063 3173 re,

96 3207 209 3268 fatente
239 3208 398 3280 Ernestio,
427 3213 478 3291 qui
505 3221 605 3269 tamen
637 3214 772 3293 reposuit
802 3210 960 3290 vulgatum
989 3207 1084 3280 olim,

95 3336 219 3394 ponem.

53 3421 74 3480 6
97 3420 148 3481 Sic
169 3421 276 3481 melius
297 3434 356 3483 tres
376 3427 469 3484 nostri
495 3424 530 3494 6,
558 3425 605 3496 13,
632 3426 681 3501 143
708 3427 797 3484 ceteri
829 3444 897 3483 cum
920 3421 1003 3502 vulg.
1025 3419 1063 3480 de

97 3532 161 3587 ioco
182 3531 254 3587 satis
273 3541 322 3588 est.

56 3657 72 3713 7
97 3633 156 3695 Hic
183 3645 228 3695 est
254 3637 290 3696 T.
319 3635 472 3697 Munatius
505 3638 634 3697 Plancus
661 3639 774 3709 Bursa,
811 3639 903 3696 Gnaei
926 3646 956 3695 et
977 3636 1062 3695 Lucii
1150 3635 1152 3639 ’

99 3743 164 3822 (ep.
187 3741 340 3823 DCCLX)
363 3745 546 3805 Plancorum
564 3745 675 3817 frater,
705 3748 758 3827 qui
781 3744 921 3805 tribunus
940 3744 982 3825 pl.
1005 3740 1063 3803 hoc

96 3869 177 3907 anno
198 3851 418 3912 inimicissimus
440 3853 579 3915 Ciceroni
600 3852 675 3926 fuit,
696 3875 713 3912 a
735 3874 795 3932 quo
817 3863 919 3914 tamen
940 3872 1061 3912 accusa-
