2632 4852
162 324 231 415 242
490 343 660 392 nersront
688 345 840 392 cnxxvrr.
940 343 971 389 Α.
989 347 1023 392 v.
1042 345 1070 390 c.
1089 324 1147 404 700‘

455 543 510 596 Scr-
529 543 625 596 hornae
643 543 673 598 Α.
690 543 724 596 V.
741 543 771 596 C.
789 542 864 605 DCC,

415 737 592 838 crcnno
625 737 899 810 rannone*

207 942 426 1047 Chrysippus
451 942 594 1018 Vettius
611 960 638 1044 ²,
661 943 746 1047 Cyri
778 943 961 1025 architecti
991 944 1158 1049 libertus2

158 1069 263 1167 fecit,
287 1081 328 1140 ut
353 1080 388 1139 tc
420 1090 495 1139 non
530 1066 770 1146 immemorem
801 1076 963 1165 putarem
987 1066 1068 1156 mei.
1095 1064 1157 1151 Sa-„

158 1193 268 1270 lutem
300 1193 393 1268 enim
430 1189 546 1268 verbis
578 1191 648 1269 tuis
680 1188 766 1266 mihi
798 1189 976 1267 nuntiavit
991 1191 1018 1263 ³.
1044 1189 1156 1265 Valde

159 1321 229 1391 iem
253 1317 369 1391 lautus
394 1342 454 1416 cs,
491 1317 552 1418 qui
586 1326 728 1414 gravere
757 1313 875 1388 literas
900 1314 1031 1416 adme
1057 1315 1157 1414 dare,

157 1443 291 1518 homini
315 1443 521 1543 praesertim
545 1467 658 1540 prope
684 1440 887 1513 domestico.
904 1440 1015 1533 Quod
1032 1442 1156 1514 rison,

157 1568 273 1641 beret
298 1568 427 1642 oblitus
453 1593 507 1660 es,
531 1567 646 1639 minus
671 1565 772 1638 multi
797 1567 883 1664 iam,
906 1579 943 1638 te
969 1565 1155 1664 advocato,

159 1719 262 1766 causa
287 1693 416 1770 cadent
431 1695 467 1768 ⁵„
483 1690 544 1767 Sin
569 1693 681 1765 nostri
706 1690 836 1772 oblitus
861 1717 915 1794 es²
948 1688 1044 1784 dabo
1073 1688 1154 1795 ope·

157 1844 250 1917 ram,
274 1832 314 1891 ut
339 1817 428 1891 istuc
455 1817 595 1898 veniam
620 1831 718 1915 ante,
735 1842 841 1918 qnam
857 1815 962 1916 plane
979 1843 1025 1890 ex
1043 1817 1155 1890 animo

56 1998 58 2003 -
157 1957 219 2016 tuo
245 1942 350 2018 effluo
367 1947 394 2016 ⁶.
428 1942 491 2021 Sin
516 1944 728 2021 aestivorum
752 1943 888 2019 timont
914 1957 951 2016 te
976 1941 1159 2048 debilitat,-

157 2067 289 2170 aliqnid
313 2070 492 2168 excogita,
519 2083 559 2143 ut
583 2070 695 2145 fecisti
727 2068 772 2143 de
803 2068 986 2147 Britannia
1003 2070 1030 2147 ,8.
1066 2066 1153 2147 Illud

158 2195 299 2297 quidem
323 2195 537 2297 perlibenter
562 2192 681 2278 audivi
706 2212 777 2267 exa
793 2194 920 2268 eodem
944 2193 1155 2296 Chrysippo,

157 2334 193 2393 te
217 2318 293 2393 esse'
310 2322 450 2396 Caesari
470 2321 681 2404 familiarem.
698 2320 769 2399 Sed
784 2319 983 2393 mehercule
999 2319 1154 2417 mallem,

78 2532 79 2543 χ
155 2444 194 2517 id
219 2445 315 2544 quod
340 2460 414 2519 erat
439 2447 602 2547 aequius,
628 2446 672 2519 de
697 2447 766 2522 tuis
791 2443 894 2518 rebus
919 2469 962 2520 ex
988 2447 1059 2519 tuis
1084 2445 1152 2519 lite

155 2571 202 2642 ris
235 2597 340 2670 quam
377 2573 577 2673 saepissime
614 2597 826 2671 cognoscere
844 2587 883 2642 ¹⁰.
923 2570 1036 2664 Quod
1064 2584 1151 2645 certe

155 2697 204 2766 ita
230 2697 342 2794 fieret,
368 2697 397 2772 si
423 2711 461 2769 tu
485 2679 665 2774 maluisses
690 2696 961 2796 benivolentiae,
989 2722 1096 2798 quam
1119 2694 1152 2768 li-

157 2821 246 2893 tium
270 2821 344 2894 iura
370 2824 575 2921 perdiscere.
614 2824 684 2901 Sed
715 2824 802 2900 haec
836 2824 944 2900 iocati
975 2850 1097 2900 sumus
1118 2836 1151 2895 et

156 2959 218 3018 tuo
242 2972 339 3019 more
359 2964 399 3048 ¹¹,
424 2963 460 3022 et
484 2949 646 3023 nonnihil
677 2951 781 3022 etiam
813 2963 945 3022 nostro.
972 2950 1028 3023 Te
1053 2947 1149 3025 valde

156 3096 332 3173 amamus,
363 3099 496 3174 nosque
529 3103 548 3150 a
579 3090 613 3148 te
640 3079 747 3149 amari
782 3103 890 3176 quum
910 3092 940 3133 ¹²
967 3077 1145 3171 volumus,

96 3289 98 3292 ι
157 3209 232 3291 tum
258 3200 362 3272 etiam
389 3201 605 3274 confidimus.

534 3453 768 3525 CLXXVIII.
867 3537 874 3549 ⁸
901 3491 958 3550 (ar
975 3494 1029 3539 na,
1045 3484 1124 3551 11‚s)

152 3620 372 3699 Argumentum.
398 3647 408 3684 1
433 3625 575 3698 Curioni,
608 3649 643 3688 ex
670 3630 740 3689 Asia
766 3627 960 3703 adventanti3
991 3649 1009 3688 2
1030 3627 1139 3688 Milonis

192 3745 328 3801 causam,
349 3731 536 3794 consulatum
557 3733 933 3815 petentis,diligentissime
948 3732 1139 3803 commendat.
1195 3751 1199 3757 ·
