2632 4852
271 338 342 415 3'20
633 354 902 405 Auuonsrtouus

270 461 372 522 stlte
391 458 513 520 comitia
533 455 705 518 consularia
721 456 934 518 haberentur
975 484 1032 513 ·.··
1180 473 1187 486 =

270 567 309 646 34
329 564 460 633 Sublatis
480 562 760 623 obnuntiationibus
780 584 799 623 a
818 561 963 624 Scaevoia
986 556 1116 622 tribuno
1141 563 1204 645 pl,
1224 566 1268 625 vel

307 694 330 732 a.
346 673 453 753 quovis
473 670 546 731 alio'
556 671 749 751 magistratu,
768 671 890 730 comitia
902 666 1009 728 haberi
1022 679 1183 751 poteram
1200 681 1270 732 tunc

307 789 407 839 autem
428 777 559 838 Scaurus
579 775 696 858 populo
716 797 771 858 per
791 758 888 836 tribus
908 775 1113 849 satisfecerat,
1129 775 1191 839 hoc
1209 789 1267 851 est,

307 905 448 945 nummos
468 858 679 953 distribuerat,
697 893 733 942 ut
752 881 857 944 consul
873 880 986 943 fieret.⁴
1012 896 1015 903 '

269 991 417 1055 savam
438 990 631 1053 Victorianae
651 989 766 1050 ubam
785 988 944 1049 liberalitas
962 1001 1042 1061 erat,
1058 990 1181 1071 potior,
1195 1000 1249 1053 etc.

268 1097 308 1160 36
327 1099 390 1177 Qui
411 1106 480 1157 ante
500 1094 659 1156 dederant:
680 1105 715 1155 ut
734 1096 887 1157 Domitius
911 1106 942 1158 et
966 1095 1097 1158 Messala
1122 1100 1275 1180 competi-=

309 1216 399 1265 tores.
412 1203 538 1264 Manat.
1127 1269 1129 1273 ,

270 1313 308 1392 37
328 1311 456 1373 Restitui
476 1310 635 1370 lectionem
656 1305 702 1370 ed.
722 1306 807 1369 Brut.
827 1318 859 1369 et
878 1305 1029 1370 Lambini.
1049 1307 1128 1369 Nam
1147 1308 1286 1389 visimu-

224 1482 229 1490 ,
309 1438 372 1478 rem
391 1416 479 1477 habes
498 1416 614 1492 natham
634 1435 722 1476 sensu
740 1435 866 1497 prorsus
886 1414 1067 1477 destituitur.
1094 1413 1205 1475 Cicero
1228 1416 1268 1475 io

310 1533 396 1584 catur
416 1542 486 1582 cum
501 1521 616 1593 Attico,
629 1530 783 1601 utsupra,
796 1541 843 1602 ep.
858 1520 984 1592 CXLII,
1004 1541 1039 1600 7,
1057 1521 1182 1602 aitque,
1202 1539 1268 1580 eum

306 1650 428 1712 sperare
446 1648 536 1711 posse
554 1627 634 1701 fore,
660 1638 695 1687 ut
720 1627 806 1688 fenus
831 1629 863 1687 in
890 1637 974 1687 tanto
999 1625 1121 1688 ambitu
1149 1637 1267 1690 crescat.

308 1736 429 1795 Schritz.

269 1838 308 1901 38
329 1839 448 1903 Scilicet
474 1840 642 1901 multarum
669 1840 885 1923 suffragiorum
916 1839 1104 1916 emtIonum'3
1129 1851 1163 1904 et
1189 1842 1267 1901 iocus

307 1957 353 2008 est
377 1949 409 2006 in
436 1945 580 2029 ambiguo
606 1946 755 2008 vocabulo
783 1946 999 2018 crudeliorum,
1026 1967 1091 2028 quo
1105 1945 1187 2008 -dies
1210 1966 1267 2007 non

307 2054 471 2120 comitiales
494 2054 581 2133 (nam
601 2052 751 2114 nundinis.
764 2055 887 2115 comitia
906 2052 1014 2114 haberi
1026 2073 1093 2114 non
1112 2054 1264 2136 poteraut)

309 2159 524 2241 significantur.
1285 2136 1292 2159 ἱ

269 2267 309 2350 39
328 2265 457 2327 Luciscit
475 2287 530 2350 per
549 2267 576 2342 i,
593 2287 656 2327 non
677 2267 810 2339 messit,
831 2287 949 2348 semper
969 2268 1002 2327 in
1030 2268 1168 2349 antiquis
1189 2265 1264 2328 libris

308 2371 556 2448 observavimus,
574 2371 658 2455 quod
676 2367 768 2435 etiam
787 2376 819 2435 in
833 2375 1016 2436 Terentiano
1030 2374 1087 2438 illo
1100 2374 1264 2437 Politianus

308 2479 447 2552 adnotat,
467 2479 586 2563 dequo
607 2479 679 2546 alibi
700 2480 845 2544 diximus..
862 2479 972 2543 Victor.
1024 2497 1028 2502 '

268 2585 308 2662 4ο
328 2588 377 2647 De
397 2587 537 2648 Oratore.

268 2693 311 2769 [μ.
330 2693 426 2765 Haec,
445 2715 541 2776 usque
554 2695 595 2754 ad
615 2694 708 2756 verba
720 2695 775 2755 sed
786 2696 885 2777 accipe
899 2694 961 2754 alia
974 2693 1165 2777 Malaspina,
1177 2711 1261 2774 usque

307 2798 347 2858 ad
366 2799 459 2859 verba
480 2801 510 2860 in
531 2801 663 2864 Ciliciam
682 2804 792 2882 cogitat
803 2802 984 2864 Tunstallus'
1000 2811 1119 2863 temere
1141 2804 1175 2862 in
1192 2799 1260 2859 hanc

306 2906 463 2987 epistolam
483 2907 626 2968 translata
638 2929 702 2970 esse
715 2909 932 2969 intellexerunt.
953 2909 1031 2968 Nam
1045 2907 1142 2969 buius
1155 2908 1259 2988 *episto-

305 3010 372 3085 lae,
392 3024 427 3073 ut
453 3015 497 3073 ait
523 3012 695 3087 Sabutum,
715 3015 784 3075 Kal.
808 3014 917 3075 Octob.
944 3015 1077 3094 scriptae
1105 3035 1179 3095 pars
1207 3029 1259 3072 esse

304 3138 366 3177 nou
386 3129 483 3201 potest
502 3118 577 3179 haec
601 3120 639 3181 de
665 3119 795 3181 Gabinio
819 3120 961 3180 narratio.
990 3119 1070 3180 Nam
1091 3121 1118 3180 is
1147 3119 1259 3180 demum

305 3234 375 3304 post
394 3226 439 3288 vl
461 3225 503 3287 Id.
526 3227 635 3288 Octob.
661 3230 822 3289 maiestatis
849 3249 936 3300 reus,
962 3226 1124 3289 absolutus
1151 3239 1207 3297 est,
1231 3232 1259 3282 ut

304 3350 340 3388 ex
360 3352 406 3412 ep.
422 3332 539 3405 CLIII,
558 3334 742 3416 intelligitur.
764 3336 868 3421 Itaque
889 3344 970 3394 totus
995 3332 1049 3394 hie
1075 3334 1163 3394 locus
1184 3331 1257 3392 uncis

305 3434 436 3498 inclusus
458 3439 505 3500 val
526 3451 570 3500 est
589 3440 792 3521 fragmentum
806 3441 881 3501 alius
901 3439 1064 3523 epistolae,
1085 3461 1167 3521 quae
1180 3441 1257 3498 inter·

305 3540 391 3613 cidit,
409 3543 475 3616 vel,
495 3541 529 3605 ut
549 3546 707 3607 Tunstallo
729 3538 903 3618 videbatur,
922 3545 1153 3607 transferendus
1172 3543 1255 3605 estin

305 3646 463 3727 epistolam
485 3650 596 3724 CLVI,
629 3675 639 3713 1
668 3665 740 3713 extr.
766 3665 834 3736 post
860 3651 953 3715 verba
977 3651 1068 3712 detur
1085 3673 1149 3711 esse
1167 3649 1256 3711 vatiu-

306 3772 379 3815 rum.
399 3754 446 3815 Ad
466 3777 532 3816 eam
547 3778 611 3840 ep„
626 3780 643 3818 2
656 3761 821 3821 Lambinus
842 3763 1011 3842 iutegrum‚
1031 3758 1064 3818 h.
1078 3779 1105 3820 e.
1122 3749 1255 3839 usquead

307 3857 399 3920 verba
418 3864 449 3923 in
471 3862 602 3926 Ciliciam
621 3869 744 3948 cogitat,
764 3866 924 3949 ablegavit.
946 3866 1091 3931 Ceterum
1112 3885 1171 3948 pro
1191 3875 1255 3924 attat
