2632 4852
170 322 237 396 186
511 342 681 391 caterona
705 342 811 390 ctvn.
935 341 965 392 ι.
984 346 1019 393 v.
1037 346 1065 393 c.
1084 347 1132 397 oea

164 447 436 521 contemtionem
469 444 690 517 Seleucianae
723 443 931 543 'provinciae
950 447 991 544 ¹⁸,
1017 460 1055 519 et
1085 473 1156 521 me-

160 573 301 647 hercule
325 598 406 644 cum
430 572 577 645 Caesare
602 571 841 644 suavissimam
869 571 1155 648 coniunctionem

162 700 267 790 (haec
292 699 386 772 enim
409 723 466 770 me
489 722 560 770 una
584 721 626 769 ex
650 696 719 769 hoc
743 694 923 794 naufragio
948 696 1070 771 tabula
1094 698 1155 772 de-

160 825 298 924 lectat),
323 825 383 927 qui
408 822 549 925 quidem
574 823 747 916 Quintum
761 848 879 896 meum
895 836 1081 927 tuumque,
1109 827 1155 900 dii

158 950 261 1028 boni!
293 948 590 1052 quemadmodum
623 962 750 1022 tractat
781 948 933 1050 honore,
965 948 1154 1052 dignitate,

159 1075 291 1176 gratia?
323 1100 396 1149 non
427 1101 549 1175 secus,
580 1101 621 1148 ac
653 1077 683 1148 si
715 1099 780 1173 ego
812 1100 924 1149 essem
954 1075 1152 1177 imperator.

159 1201 315 1276 Hiberna
349 1199 524 1298 legionum
545 1217 575 1266 ¹9
600 1197 750 1299 eligendi
782 1201 882 1300 optio
915 1199 1033 1276 delata
1064 1226 1154 1275 com-

159 1327 321 1426 modum,
345 1340 385 1399 ut
411 1324 456 1399 ad
480 1352 537 1398 me
563 1323 692 1399 scribit.
726 1328 831 1399 Hunc
865 1340 904 1398 tu
931 1348 1009 1403 uon
1041 1329 1153 1402 amesi

158 1479 262 1555 quem
286 1453 391 1550 igitur
414 1451 581 1524 istorum?
599 1467 629 1500 ²⁰
656 1450 725 1526 Sed
748 1451 835 1525 heus
850 1436 906 1552 tu,
930 1455 1149 1554 scripseram·

156 1595 244 1652 ue²¹
263 1577 328 1651 tibi
351 1603 408 1653 me
433 1604 507 1651 esse
531 1576 685 1676 legatum
700 1579 894 1678 Pompeio}
920 1592 957 1652 et
981 1593 1080 1653 extra
1095 1606 1149 1652 ur·

48 1736 51 1743 ·
155 1702 239 1777 bem
263 1702 406 1806 quidem
429 1703 503 1776 sore
528 1729 571 1775 ex
594 1702 715 1776 Idibus
740 1703 930 1777 Ianuariisi
953 1705 1082 1779 Visum
1102 1718 1151 1779 est

155 1828 227 1919 hoc
250 1829 337 1902 mihi
361 1828 409 1902 ad
431 1826 542 1901 multa
558 1827 738 1931 quadrare.
764 1829 835 1903 Sed
851 1829 937 1931 quid
954 1828 1079 1929 plurai
1095 1855 1149 1903 co-

155 1982 248 2056 ram,
272 1957 416 2057 opinor,
439 1953 588 2056 reliqua,
612 1967 652 2028 ut
668 1969 707 2028 tu
724 1967 843 2027 tamen
860 1954 993 2056 aliquid
1010 1981 1149 2056 exspec-

132 2095 207 2155 tes
225 2097 265 2155 ²².
290 2082 462 2181 Dionysio
496 2079 683 2181 plurimam
719 2079 887 2154 salutem:
919 2082 978 2154 cui
1010 2081 1148 2183 quidem

121 2239 124 2245 ⁴
154 2233 219 2306 ego
244 2234 317 2282 non
341 2205 449 2282 modo
475 2207 628 2306 servavi,
659 2206 723 2280 sed
754 2207 859 2279 etiam
884 2206 1069 2287 aedificavi
1100 2206 1148 2279 lo·

137 2359 235 2424 ¹cum
247 2335 288 2404 ²³.
305 2333 402 2427 Quid
419 2332 572 2434 quaeris?
590 2332 636 2405 ad
652 2359 823 2406 summam
838 2332 1007 2406 laetitiam
1023 2359 1145 2430 meam,

154 2485 259 2559 quam
283 2485 327 2531 ex
352 2474 414 2531 tuo
446 2454 559 2533 reditu
578 2460 699 2559 capio,
722 2487 868 2559 magnus
886 2459 977 2534 illius
995 2460 1144 2534 adventu

141 2583 310 2679 ,cumulus
335 2585 472 2658 accedit
488 2586 528 2658 ²4.
555 2588 637 2678 Quo
662 2586 718 2659 die
744 2586 862 2660 adme
888 2587 1029 2684 venies,
1046 2590 1076 2662 si
1093 2611 1143 2660 me

11 2739 14 2744 ·
146 2691 248 2782 timus
265 2714 308 2808 ²⁵,
331 2710 428 2811 apud
451 2737 508 2784 me
533 2739 615 2785 cum
639 2716 707 2786 tuis
731 2739 883 2786 maneas.

565 2965 722 3038 CLVIII.
840 3008 896 3064 (ιιι
910 3009 941 3066 Q.
958 3009 1012 3054 ιιι.
1028 3008 1076 3068 ιιι,
1090 3007 1121 3062 ι)

7 3143 10 3154 ’
102 3139 105 3142 ⁴
150 3139 369 3218 Argrunentum.
393 3162 404 3201 1
429 3139 576 3202 Hortatur
604 3141 744 3216 fratrem,
764 3155 798 3204 ut
823 3143 947 3204 militiae
973 3143 1092 3204 labores
1115 3152 1142 3200 et

189 3258 304 3319 cetera,
331 3268 409 3329 quae
435 3250 535 3330 ipsum
561 3248 730 3322 offendant,
755 3250 902 3334 perferat3
929 3271 947 3309 a
973 3250 1083 3312 deinde
1107 3248 1141 3307 de

189 3356 327 3415 cautione
347 3356 378 3416 in
398 3354 490 3416 literis
511 3354 615 3417 dandis
639 3356 823 3432 adhibenda3
845 3357 863 3417 3
884 3356 922 3418 de
946 3370 1087 3442 poemate
1105 3354 1141 3414 ad

190 3458 347 3521 Caesarem
368 3460 567 3543 perficiendo,
587 3461 624 3522 de
646 3484 699 3546 spe
719 3462 948 3524 candidatorum
974 3463 1139 3526 consulatus

189 3576 219 3625 et
238 3565 402 3629 dictaturae
422 3579 521 3646 metu3
541 3571 562 3646 4
581 3570 619 3630 de
639 3570 760 3632 Serrani
774 3569 827 3632 filii
847 3571 968 3650 funere3
988 3571 1010 3634 5
1030 3571 1066 3632 de
1085 3569 1137 3631 Mi·

189 3669 266 3731 lonis
286 3673 427 3735 ludorum
448 3687 597 3759 apparatu
618 3677 727 3738 scribit.
