2632 4852
167 326 213 396 82
504 333 676 385 asrsrosl
702 334 817 384 exart.
943 329 974 380 a.
991 333 1027 382 v.
1043 331 1074 379 c.
1091 329 1142 394 ⁶99

166 444 293 549 quibus
318 439 465 516 Messala
482 441 516 505 ⁶9
540 437 806 535 excluderetur3
841 436 899 508 cui
931 429 1075 536 quidem
1109 421 1170 506 ne·

165 571 347 647 hementer
369 565 544 642 satisfacio
568 564 674 638 rebus
699 559 886 660 omnibus;
917 572 959 646 ut
994 557 1172 656 arbitror,

166 698 270 771 etiam
303 691 480 769 Memmio.
513 690 669 765 Domitio
687 708 719 758 ⁷⁰
743 688 812 790 ipsi
842 684 952 773 multa
986 686 1059 758 iam
1083 681 1169 783 lissi,

166 848 256 927 quae
280 819 411 918 voluit,
435 827 594 922 quaeque
618 844 638 891 a
663 842 721 889 me
745 815 881 918 petivit
911 811 1084 896 Scaurum
1107 810 1171 891 be-

165 949 291 1022 nefieio
309 945 518 1022 defensionis
535 942 638 1027 valde
655 941 818 1042 obligavi.
831 938 958 1016 Adbuc
971 952 1048 1028 erat
1065 935 1171 1012 valde

165 1074 354 1171 incertum,
378 1084 414 1158 ot
439 1068 581 1172 quaudo
607 1069 768 1166 comitia,
792 1082 831 1141 et
855 1066 916 1169 qui
939 1059 1104 1148 eonsrrlss
1120 1060 1171 1135 su-

167 1198 235 1272 tun'
261 1209 386 1270 essent

216 1322 384 1413 &Quum
415 1320 506 1405 haue
538 1322 608 1405 iam
642 1317 828 1420 epistelam
859 1316 1110 1418 complicarem
1128 1330 1171 1412 7¹,

167 1445 336 1521 tabellarii
361 1472 380 1528 a
406 1445 508 1520 vobis
537 1459 710 1520 venerunt
737 1470 767 1519 a.
793 1442 827 1518 d.
852 1445 909 1519 xl
931 1441 1011 1523 Kal.
1036 1442 1116 1522 Oet
1137 1457 1169 1508 ι*

166 1571 331 1660 vicesimo
357 1571 472 1644 dieo
494 1598 550 1661 me
575 1569 768 1658 solicitum!
785 1583 962 1674 'quantum
985 1592 1052 1667 ego
1071 1564 1169 1647 dolui

165 1699 203 1769 in
227 1697 386 1784 Caesaris
412 1683 623 1777 suavissimis
646 1697 774 1782 literis!
798 1694 862 1771 sed
886 1720 957 1798 quo
974 1707 1077 1768 erant
1092 1718 1168 1768 sua.-

166 1822 302 1922 viores,
333 1847 376 1897 eo
411 1823 579 1907 maiorem
613 1822 771 1902 dolorem
802 1821 893 1904 illius
925 1819 984 1894 ille
1016 1845 1118 1901 casus
1136 1819 1168 1885 ⁷³

167 1945 341 2024 afferebat
359 1947 429 2028 Sed
446 1948 493 2028 ad
509 1963 587 2026 tuas
604 1950 709 2023 venio
733 1947 858 2031 literas.
883 1947 1043 2032 Primum
1070 1958 1167 2026 tuam

165 2073 421 2159 remansionem
445 2075 552 2160 etiam
577 2087 683 2178 atque
708 2074 813 2147 etiam
838 2071 978 2172 prob03
1009 2055 1166 2173 praeses.-

118 2218 125 2233 ·
165 2199 229 2271 tim
253 2226 379 2303 quum,
399 2214 440 2278 ut
465 2199 605 2299 scribis,
623 2225 704 2287 eum
721 2200 868 2284 Caesam
885 2178 1164 2284 communicaris.

166 2324 322 2425 Oppium
354 2327 463 2400 miror
497 2324 690 2427 quidquam
721 2351 801 2411 cum
825 2323 979 2408 Publilio
1002 2308 1057 2407 ils
1081 2321 1166 2406 mibi

164 2450 258 2530 enim
282 2476 355 2537 nou
380 2450 569 2561 placuerat,
593 2450 702 2554 Quod
725 2451 889 2532 interiore
914 2449 1067 2553 epistola
1085 2449 1165 2525 scri

163 2572 236 2672 bis,
260 2601 316 2648 me
340 2575 462 2652 Idibus
488 2578 752 2679 Septembribus
778 2578 949 2680 Pompeio
962 2578 994 2644 7⁵.
1010 2575 1164 2682 legatum

163 2700 227 2798 iri,
251 2700 288 2776 id
313 2728 378 2800 ego
403 2728 476 2777 non
503 2704 645 2802 audivi,
672 2705 864 2806 scripsique
889 2702 936 2788 ad
960 2703 1165 2800 Caesarem,

163 2823 359 2914 Vibullium
383 2830 540 2903 Caesaris
564 2830 730 2910 mandata
756 2830 801 2904 de
825 2856 903 2907 mea
930 2830 1116 2905 mansione
1132 2831 1164 2906 ιθ

98 2943 101 2956 ’
163 2949 209 3039 all
233 2953 441 3053 Pompeium
466 2956 666 3055 pertulisse,
692 2981 758 3030 nee
784 2956 830 3030 ad
849 2957 1008 3057 Oppium
1020 2975 1064 3029 n.
1082 2956 1162 3048 Quo

163 3077 330 3168 eonsiliol
368 3106 579 3182 quamquam
618 3082 775 3194 Oppium
812 3107 877 3183 ego
913 3083 1030 3181 tenui,
1067 3077 1163 3184 quod

162 3204 297 3300 priores
321 3221 439 3305 partes
462 3206 579 3285 Bibuli
605 3223 712 3288 erant.
738 3210 827 3295 Cum
854 3234 897 3282 eo
924 3209 1016 3281 enim
1044 3233 1163 3293 coram

161 3326 309 3416 Caesare
334 3346 470 3433 egerat,
494 3332 540 3422 ad
565 3335 722 3435 Oppium
748 3336 944 3437 scripserat.
973 3336 1053 3435 Ego
1078 3358 1162 3410 vero

159 3453 272 3535 nullas
297 3459 436 3556 δευτέρας
462 3461 620 3556 φροντίδας
638 3463 669 3526 7⁸-
695 3461 823 3541 habero
848 3486 991 3560 possum
1016 3461 1055 3532 in
1077 3459 1161 3534 Cae

159 3581 243 3654 saris
269 3584 380 3658 rebus.
406 3585 468 3660 Ille
494 3585 581 3672 mibi
606 3588 798 3669 secundum
824 3601 858 3666 te
885 3600 920 3667 et
944 3585 1075 3659 liberos
1097 3611 1160 3658 no.-

158 3716 248 3777 stros
273 3709 322 3780 ita
348 3723 418 3805 est,
443 3725 482 3782 ut
507 3713 552 3791 sit
576 3739 688 3810 paene
714 3741 785 3813 pur.
804 3711 940 3792 Videor
963 3711 1003 3793 id
1028 3711 1158 3800 iudicio

158 3826 277 3903 facere.
313 3836 388 3907 Iam
410 3821 506 3909 ¹enim
532 3838 664 3912 debeo:
698 3841 760 3914 sed
789 3854 907 3912 tamen
934 3864 1054 3913 amore
1080 3862 1154 3911 sum

156 3977 325 4031 incensus.
