2632 4852
240 323 315 397 330
533 406 535 411 Ι
605 337 875 391 turon-riores

240 448 430 511 ro-Pertinet
448 443 491 505 ad
509 444 752 515 entimiasmum,
771 442 809 502 de
829 462 892 523 quo
912 462 961 524 ep.
981 463 1050 523 sup.
1072 461 1102 500 2.

240 576 270 614 rr
296 553 436 616 Vidimus
455 554 516 611 iam
530 552 680 630 Quintum
694 550 855 630 Erigonam
867 550 1022 631 scripsisse
1037 547 1243 631 tragoediam,

274 681 322 743 ep.
336 659 474 730 CXLVI,
486 657 522 734 63
535 668 565 721 et
577 670 705 741 quattor
721 655 885 736 tragoedias
897 655 1003 717 videre
1015 667 1062 717 est
1074 656 1173 729 insta,
1185 663 1204 732 S
1217 678 1244 738 7.

241 787 275 829 12
295 767 389 839 Puto,
409 764 574 827 Gabinium
596 767 660 847 (ep.
674 763 817 836 CXLVI,
838 786 871 845 73
891 773 922 826 et
941 763 1057 837 CLIX,
1075 766 1131 842 1),
1152 784 1243 844 quern

276 885 382 957 postea
410 872 557 949 defendit3
584 873 695 954 portior
712 917 719 932 .
734 916 741 932 .
756 916 786 932 ..
803 870 956 954 defiruos,
981 871 1165 947 Vatinium
1196 889 1241 952 ep.

275 981 496 1055 CXLV111,2‚
517 1002 550 1061 73
570 1000 664 1061 quam
683 981 809 1040 omnino
828 978 988 1060 epistolem
1009 977 1113 1039 recole
1127 1000 1148 1038 a
1160 979 1243 1061 prin·

275 1090 355 1170 cipio
376 1087 415 1147 ad
435 1093 452 1162 5
472 1087 507 1160 8,
527 1089 552 1148 si
572 1089 618 1147 ris
637 1089 740 1147 animo
760 1088 915 1169 percipere
935 1106 972 1146 ee
991 1106 1073 1167 quae
1091 1083 1146 1146 hic
1171 1086 1242 1145 scri-
1270 1137 1274 1145 .

276 1205 330 1278 pte
351 1204 428 1254 sunt.
795 1234 798 1239 -

244 1302 279 1361 13
299 1281 437 1382 vterque
457 1299 546 1360 imo.
565 1299 742 1360 terrosum
762 1301 811 1360 us

239 1407 276 1483 14
296 1408 470 1487 Tyrannio,
489 1407 615 1467 iunioris
635 1406 789 1466 Ciceronis
808 1407 873 1488 (ep.
888 1405 1104 1483 cxxxvlii)
1119 1423 1242 1487 praece·

275 1523 347 1595 ptor
368 1514 432 1594 (ep.
453 1513 526 1586 CII,
540 1514 576 1593 α)
597 1515 728 1594 segniter
748 1514 826 1594 cgit3
840 1512 909 1573 vide
929 1533 977 1595 ep.
998 1526 1065 1594 sup.
1081 1513 1117 1585 3,
1137 1511 1194 1572 ubi
1214 1522 1243 1573 et

274 1618 313 1678 de
336 1619 510 1702 Chrysippo.

241 1723 279 1787 15
299 1727 387 1803 Quae
407 1726 535 1808 epistola
553 1745 616 1788 non
636 1736 739 1788 exstet.
761 1726 880 1788 Sciriitz

239 1830 391 1899 16Land.
409 1845 439 1893 et
463 1835 517 1916 qui
533 1854 561 1896 o.
580 1846 715 1895 annuunt
738 1833 844 1897 debere
870 1834 920 1896 tibi
943 1833 1041 1906 valde,
1058 1832 1170 1895 debere
1196 1854 1241 1896 re·

274 1940 426 2015 eunoun&
445 1938 535 2000 Amb.
560 1961 594 2021 17
620 1953 650 2003 et
667 1941 721 2023 qui
736 1960 765 2002 o.
785 1940 916 2014 adurat,
942 1949 1057 2012 cetera,
1083 1951 1120 2003 ut
1140 1940 1239 2022 vulgo.

274 2045 387 2127 Schiitz
408 2049 550 2119 coniecit,
570 2048 660 2109 velet
671 2045 1158 2131 qmttemomousetwotdetere
1178 2047 1240 2124 tibi,

273 2154 370 2214 valere
391 2167 419 2214 tc
436 2156 578 2229 nontin,
597 2156 622 2216 si
642 2153 786 2217 Crebrius
806 2177 826 2216 a
846 2156 963 2234 Quinto
982 2153 1119 2216 Romam
1141 2135 1238 2227 venii3

273 2260 323 2321 vel
342 2262 443 2344 etqui
459 2283 486 2322 o.
506 2283 538 2322 se
558 2263 637 2324 iurat
655 2261 761 2325 debere
781 2263 851 2335 tibi,
869 2261 957 2325 valde
976 2263 1145 2334 maurum,
1165 2259 1198 2324 h.
1210 2280 1239 2320 e.

273 2377 393 2435 recusat
408 2346 581 2451 pecuniam.
648 2432 650 2437 Α

237 2494 272 2556 ¹7
292 2474 348 2535 His
368 2474 469 2536 verbis
489 2477 582 2558 vulgo
601 2478 633 2537 in
646 2476 715 2538 edd.
726 2497 808 2538 nove
822 2476 949 2560 epistole
963 2477 1129 2558 incipitur,
1145 2495 1238 2557 quem

273 2590 375 2642 tamen
396 2581 487 2642 huius
508 2595 627 2665 partem
648 2605 711 2645 esse
739 2595 872 2646 extrema
891 2583 987 2646 verba
1012 2586 1085 2646 satis
1113 2582 1237 2645 demon·

275 2697 379 2749 strunt.
400 2688 520 2749 Sciriitz.

240 2790 275 2852 18
296 2791 407 2854 Schiitz
421 2799 560 2857 mutueris
569 2817 758 2880 -quaerus,
771 2809 816 2872 et,
829 2811 951 2861 auctore
965 2799 1018 2860 Fr.
1031 2799 1133 2871 lunio,
1147 2810 1236 2884 χρέος.

236 2919 273 2979 ¹9
292 2899 417 2982 Recepit
435 2902 479 2963 ad
497 2904 653 2966 Ernestius
672 2926 708 2967 ex
725 2907 897 2969 coniectura
917 2907 1037 2979 Vrsini,
1057 2918 1088 2968 et
1101 2927 1175 2968 mss.
1195 2925 1239 2966 re·

273 3008 330 3088 giis
350 3008 433 3091 apud
452 3009 578 3071 Lallem.

688 3228 778 3290 CLV.

238 3455 249 3494 r
273 3436 373 3519 Appia
393 3440 443 3498 via
462 3437 501 3499 ad
522 3439 627 3502 aedem
647 3442 762 3503 Martis.
783 3441 900 3504 Manat.

232 3560 250 3600 2
271 3542 314 3605 Vt
334 3565 402 3605 eam
422 3544 586 3629 distinguat
606 3547 645 3609 ab
666 3549 731 3611 aliis
751 3551 869 3622 multis,
881 3570 966 3631 ¹quus
985 3551 1099 3631 privati
1122 3551 1234 3612 Romae

271 3648 425 3714 habebant
435 3699 446 3727 ‚
464 3665 499 3715 ut
520 3655 699 3719 Hortensius
721 3659 789 3740 (ep.
809 3657 915 3720 XXVI
921 3655 997 3736 ‚6).
1028 3658 1078 3720 Ad
1104 3657 1185 3718 hanc
1208 3667 1235 3718 et

269 3769 420 3834 natatum,
440 3773 471 3823 et
491 3766 708 3826 exercitationis
729 3786 819 3826 causo
840 3764 973 3849 populus
994 3767 1148 3828 veniebat.
1169 3769 1233 3846 Seq.

272 3864 364 3926 verba
396 3889 503 3948 graece
534 3873 575 3932 sic
608 3894 678 3932 cum
710 3872 810 3935 latinis
842 3875 1015 3960 composuit
1046 3874 1231 3936 Lambinus:
