2632 4852
241 301 312 376 322
544 353 549 361 .
605 315 878 368 auuortrrours
994 304 1001 319 '

279 423 340 497 est',
360 422 413 483 ubi
435 425 460 482 si
479 421 577 504 fortes
597 419 792 492 emendetur,
809 415 849 478 ad
868 415 983 479 iudioes
1006 416 1116 478 reform
1136 421 1251 500 possit,

281 553 358 614 quos
377 528 500 591 timidos
522 527 604 590 idem
629 528 765 611 proxime
795 523 972 609 appellarit
998 523 1137 607 Molmp.
1164 523 1250 586 Hane

281 640 462 719 scripturam
483 635 644 708 adiuvant,
664 655 743 716 quae
762 640 947 715 sequuntur,
965 629 1022 693 red
1032 652 1139 695 omnes
1149 633 1250 695 adsol-

282 756 404 816 veutur,
422 753 458 803 ut
476 742 603 825 Malasp.
624 745 689 824 ipse
708 740 793 803 vidit

245 850 266 910 5
271 872 280 910 ι
306 848 533 910 Contenderunt
554 850 729 930 Torquatus
749 857 780 908 et
792 846 893 919 Sulla,
912 854 948 906 ut
961 845 1127 907 accusandi
1140 866 1252 907 munus

284 956 361 1017 alter
381 955 468 1015 alteri
490 959 629 1038 eriperet
650 951 792 1016 Obtinuit
812 952 911 1029 Sulla;
931 973 1028 1035 quum
1048 951 1083 1014 id
1103 963 1177 1014 ante
1190 973 1250 1015 uon

269 1072 441 1143 ‚sperasset
461 1061 581 1123 Manae.

243 1167 283 1229 52
302 1168 438 1228 Tantum
457 1167 495 1228 de
515 1166 685 1250 parricidiis
705 1168 858 1247 accipiunt
877 1165 1031 1228 Corradus
1052 1176 1087 1226 et
1107 1165 1250 1247 Mongal·
1278 1146 1281 1151 ⁸

283 1284 343 1333 tus:
366 1274 419 1333 sed
436 1274 523 1335 aliter
543 1274 715 1348 Manutius3
735 1294 807 1334 nam
826 1285 938 1355 γενικῶς
958 1271 996 1334 de
1016 1270 1167 1334 omnihus
1187 1274 1251 1334 reis.

287 1379 393 1441 Olivet.

244 1484 284 1548 53
304 1485 468 1568 Sequimur
488 1487 561 1547 Ern
583 1498 614 1547 et
634 1485 802 1560 Clerioum,
829 1488 881 1567 qui
908 1497 938 1547 et
961 1487 1019 1569 ipsi
1041 1495 1117 1546 vett
1145 1485 1251 1547 editio-

282 1613 336 1653 nes
356 1604 537 1674 sequuntur‚
557 1614 636 1674 quae
664 1593 771 1675 legunt
796 1591 920 1666 iudicia,
945 1594 995 1654 oui
1015 1594 1116 1674 magis
1139 1614 1254 1682 conve-⁸

284 1700 351 1758 nire
371 1698 500 1773 verbum
520 1699 620 1759 calent
638 1699 782 1761 indicavit
800 1700 966 1762 Emestius.
986 1698 1094 1780 Vulgo
1114 1699 1234 1760 dedseris

247 1804 290 1882 54
308 1804 401 1865 Recte
421 1806 445 1864 l.
465 1807 502 1866 F.
523 1806 697 1866 Gronovius
718 1805 815 1887 (Obs.
838 1808 884 1879 ll,
903 1805 944 1888 8)
967 1806 1099 1867 urbanos
1114 1805 1251 1867 homines

284 1910 426 1992 intelligit
444 1911 573 1984 facetos,
592 1912 646 1973 sed
664 1934 721 1996 per
740 1915 887 1987 ironiam,
906 1913 960 1994 qui
979 1933 1044 1974 non
1067 1914 1251 1996 respondent

284 2019 316 2078 in
336 2017 466 2090 iudicio,
485 2019 539 2079 sed
551 2017 665 2081 absum
678 2022 711 2080 in
723 2021 860 2082 exsilium
872 2021 1093 2082 voluntarium.
1113 2019 1199 2084 Vide
1216 2018 1249 2081 ad

286 2145 334 2207 ep.
356 2124 509 2186 CCXXll.

245 2229 286 2293 55
305 2233 387 2315 Lege
406 2245 450 2292 est
471 2245 577 2293 tamen.
597 2232 743 2295 Muretus.
764 2233 825 2295 Sed
838 2233 914 2295 haee
926 2237 969 2297 ita
982 2245 1054 2296 sunt
1068 2235 1250 2318 supplenda:

215 2338 220 2353 '
285 2339 328 2399 Et
348 2351 446 2400 minen
466 2338 581 2422 aliquid
599 2353 645 2401 ert
662 2343 736 2403 novi
755 2341 797 2402 Et
817 2352 886 2424 post
906 2354 1005 2403 tannen
1025 2341 1184 2404 distinctio
1212 2343 1249 2404 lo

286 2445 391 2506 canda.
415 2445 522 2507 Graev.

244 2549 285 2611 56
303 2551 407 2632 Vulgo
426 2573 464 2613 ae
484 2575 659 2626 aceerunm,
686 2555 739 2616 sed
765 2555 907 2638 copulam
932 2555 1093 2616 Emestius
1121 2555 1249 2625 delevit,

285 2679 378 2739 quam
398 2681 453 2719 nec
473 2661 540 2720 edd.
561 2672 633 2722 vett.
654 2673 831 2743 agnoscunt.

244 2762 282 2844 57
304 2766 375 2842 Qua
395 2778 518 2827 cautum
531 2780 612 2841 erat,
631 2791 669 2830 ne
683 2772 751 2851 quis
763 2773 942 2853 peregrinus
963 2791 995 2830 se
1008 2791 1069 2852 pro
1083 2772 1155 2831 eive
1168 2789 1249 2852 gere·

282 2883 337 2931 ret.
358 2873 511 2934 Manutius
533 2878 718 2958 suspicatur,
737 2875 817 2937 hanc
838 2899 961 2961 quoque
975 2876 1077 2958 legem
1090 2878 1248 2937 nzaiestarts

282 2977 383 3039 fuisse.
404 2983 524 3043 Scltir'tz.

243 3082 285 3145 58
303 3084 410 3147 Nonne
425 3102 452 3149 te
465 3090 542 3163 scio,
554 3089 658 3164 Mars,
677 3112 745 3152 cum
760 3091 879 3174 Paphio
892 3091 1012 3154 Venere
1033 3111 1104 3151 rem
1126 3090 1247 3151 habuis-

283 3194 333 3252 se?
355 3194 444 3255 Hune
455 3196 556 3257 locum
570 3199 613 3257 sic
625 3199 842 3281 interpretatur
856 3197 1030 3260 Sehiitzius:
1055 3198 1168 3280 ltaque
1181 3197 1250 3258 dixit

224 3342 228 3350 .
282 3302 381 3359 statim
404 3324 472 3362 reus
493 3315 622 3385 patrono
645 3306 811 3386 (Gabinio)
833 3307 996 3367 malestatis
1016 3305 1085 3387 lege
1108 3303 1245 3366 absoluto

282 3416 313 3469 οὐ
331 3410 424 3487 o’oid‘,
445 3421 500 3472 eto.
520 3411 635 3494 Nempe
656 3416 772 3475 iocatur
785 3415 905 3486 Cicero,
922 3413 1083 3484 libertum,
1105 3414 1162 3494 qui
1176 3409 1245 3471 indi-

282 3526 440 3594 gnaretur,
467 3530 630 3601 patronum
658 3542 747 3582 suum
767 3523 872 3583 eodem
894 3521 942 3582 die
963 3519 1243 3599 absolutumque

280 3620 346 3700 ipse
367 3620 431 3704 lege
450 3625 547 3709 Papia
567 3627 784 3691 condemnatus
808 3640 899 3701 esset,
921 3628 1022 3688 statim
1047 3637 1183 3709 patrono
1202 3623 1242 3683 di·

282 3727 372 3788 xisse:
393 3752 493 3792 nonne
515 3737 577 3795 scio
603 3747 647 3808 te,
668 3748 738 3810 ete,
758 3737 835 3799 idest
855 3757 975 3797 meeum
995 3737 1029 3794 in
1050 3735 1163 3795 eodem
1185 3731 1244 3791 luto

281 3828 428 3898 haesisse?
455 3841 596 3904 Fortasse
624 3844 730 3905 Cicero
758 3845 847 3906 simul
872 3843 931 3906 hoc
957 3840 1114 3905 versiculo
1143 3843 1243 3923 pottae
