2632 4852
178 279 244 354 130
493 296 661 347 aarsrotn
687 299 830 347 cxtvrrr.
945 287 1141 349 a.v.c.⁶99

170 416 242 477 tam
275 400 407 475 consuli
438 401 518 474 ferri
554 425 642 501 opus
675 424 766 498 esse,
798 422 941 470 necesse
964 422 1039 472 non
1065 424 1164 496 esse3

170 555 222 626 se,
245 528 410 628 quoniam
435 551 477 598 ex
502 539 640 599 senatus
666 522 826 600 consulto
851 524 1072 623 provinciam
1101 522 1164 596 ha·

168 652 285 753 beret,
308 652 382 750 lege
408 650 568 726 Cornelia
592 651 777 752 imperium
801 647 1020 749 habiturum,
1046 650 1164 750 quoad

138 754 140 759 ,
168 780 205 852 in
243 777 365 851 urbem
400 777 583 850 introisset.
620 779 721 875 Ego,
753 773 838 899 quid
875 772 921 846 ad
957 787 993 848 te
1022 788 1164 847 tuorum

168 903 312 1003 quisque
337 902 609 975 necessariorum
634 899 779 999 scribat,
794 899 930 972 nescio:
948 899 1063 1006 varias
1089 924 1164 971 esse

136 1068 139 1075 ·
168 1027 352 1127 opiniones
376 1025 541 1125 intelligo.
567 1027 673 1125 Sunt,
700 1027 758 1128 qui
784 1038 910 1126 putent
924 1024 981 1124 333,
996 1049 1103 1125 posse
1129 1038 1163 1098 te

167 1177 240 1227 uon
265 1150 450 1252 decedere,
476 1151 573 1255 quod
597 1153 670 1224 sine
694 1149 769 1248 lege
795 1151 926 1224 curiata
951 1148 1016 1222 tibi
1041 1174 1162 1222 succe-

169 1277 285 1350 datur:
311 1290 393 1349 sunt
418 1279 541 1375 etiam,
565 1278 623 1377 qui
631 1332 642 1375 ,
658 1277 688 1349 si
714 1274 884 1375 decedas,
909 1302 928 1348 a
954 1288 989 1346 te
1014 1273 1163 1375 relinqui

166 1426 270 1503 posse
290 1400 353 1499 334,
384 1404 443 1502 qui
476 1403 676 1501 provinciae
709 1401 847 1501 praesit
878 1399 965 1474 Mihi
989 1413 1162 1475 nontam

167 1525 210 1597 de
242 1525 315 1597 iure
349 1541 481 1599 certum
519 1541 573 1599 est
605 1537 843 1627 (quamquam
874 1550 919 1599 ne
949 1525 988 1598 id
1018 1524 1160 1626 quidem

166 1649 268 1722 valde
302 1649 446 1722 dubium
477 1662 529 1722 est
544 1662 573 1748 ),
609 1660 712 1751 quam
739 1649 842 1750 illud,
873 1649 919 1723 ad
943 1664 1041 1722 tuam
1066 1675 1160 1722 sum·

59 1845 62 1848 ,
165 1800 258 1846 mam
284 1774 565 1874 amplitudinem,
591 1774 811 1874 dignitatem,
835 1775 1081 1865 liberalitatem
1104 1776 1159 1873 333,

165 1925 233 2000 qua
258 1911 293 1971 tc
318 1901 391 1972 scio
415 1899 640 1973 libentissime
665 1901 730 1975 frui
755 1900 882 2000 solere,
905 1903 1099 2002 pertinere,
1123 1915 1156 1972 te

164 2025 237 2096 sine
263 2023 332 2096 ulla
357 2051 455 2098 mora
479 2027 699 2126 provinciam
728 2028 916 2101 successori
948 2025 1156 2125 concedere,

164 2151 366 2247 praesertim
393 2177 501 2251 quum
526 2153 600 2225 sine
625 2153 822 2251 suspicione
848 2165 926 2224 tuae
953 2151 1154 2252 cupiditatis

163 2299 236 2349 non
260 2275 373 2375 possis
398 2274 488 2351 illius
512 2277 739 2379 cupiditatem
756 2275 912 2351 refutare.
929 2278 1009 2376 Ego
1026 2290 1156 2350 utrum·

163 2425 230 2498 que
255 2425 371 2472 meum
396 2415 484 2498 puto
510 2426 601 2500 esse,
620 2415 656 2475 et
681 2400 765 2502 quid
790 2402 937 2474 sentiam
953 2401 1153 2497 ostendere,

82 2572 85 2577 -
162 2535 198 2594 et
223 2522 319 2621 quod
344 2523 464 2598 leceris
484 2513 683 2601 defendere.

217 2647 259 2721 13
292 2648 427 2748 Scripta
458 2652 528 2724 iam
560 2652 705 2752 epistola
743 2652 917 2753 superiore
937 2655 994 2753 ¹³⁶,
1034 2654 1151 2754 accepi

162 2782 238 2843 tuas
263 2771 378 2846 literas
405 2775 447 2848 de
477 2776 690 2877 publicanis:
724 2777 849 2879 quihus
868 2780 913 2847 337
944 2780 1152 2880 aequitatem

162 2907 258 2971 tuam
282 2923 355 2970 non
381 2903 483 2999 potui
515 2928 588 2974 non
621 2903 778 3003 probare.
803 2903 985 2978 Facilitate
1005 2906 1053 2956 ¹³⁸
1080 2905 1150 3005 qui-

161 3019 242 3094 dem
267 3023 392 3100 vellem
424 3031 590 3130 consequi
615 3030 803 3128 potuisses,
834 3055 879 3102 ne
905 3031 979 3102 eius
1005 3029 1149 3126 ordinis,

160 3173 264 3245 quem
300 3176 436 3249 semper
473 3154 619 3253 ornasti,
651 3181 742 3254 rem,
771 3168 831 3228 aut
855 3153 1077 3228 voluntatem
1101 3153 1148 3227 os·

158 3269 325 3347 senderes.
361 3275 534 3376 Equidem
566 3304 639 3352 non
673 3278 829 3355 desinam
858 3295 918 3354 tua
944 3279 1088 3354 decreta
1107 3281 1149 3347 339

159 3393 365 3474 defendere:
405 3401 468 3475 sed
504 3406 596 3478 nosti
633 3406 920 3481 consuetudinem
955 3405 1144 3493 hominum.

156 3519 248 3620 Scis,
280 3553 384 3626 quam
417 3532 569 3628 graviter,
598 3533 729 3607 inimici
761 3534 828 3636 ipsi
853 3531 903 3605 illi
929 3534 971 3625 Q.
998 3532 1143 3605 Scaeuo·

154 3643 209 3716 lae
228 3647 272 3714 ¹4⁰
306 3650 439 3727 luerint.
480 3656 560 3728 Tibi
592 3671 708 3730 tamen
745 3685 823 3731 sum
861 3672 1001 3758 auctor,
1034 3673 1090 3757 ut,
1116 3655 1141 3728 si
1174 3686 1176 3702 ¹

156 3769 279 3872 quibus
316 3777 417 3854 rebus
451 3783 579 3884 possis,
615 3811 694 3858 eum
727 3783 790 3860 tibi
823 3783 982 3860 ordinem
1007 3796 1069 3859 aut
1090 3806 1136 3857 re·
