2632 4852
272 311 344 397 2¹⁸
599 324 772 374 nersrom
794 324 940 371 cnxvur.
1046 323 1077 371 r.
1095 326 1129 373 v.
1146 328 1177 375 c.
1196 340 1241 386 700

270 429 352 503 diil
376 429 564 504 fortunent
596 429 657 500 Ue
678 440 775 500 mue
798 423 962 520 habebis,
985 426 1043 497 cui
1068 439 1107 499 et
1131 432 1264 500 cauus5

269 581 379 659 aeque
402 557 450 628 sis
473 569 511 628 ct
533 553 723 651 iucrmdus,
746 579 788 625 ac
813 552 907 625 nisu
930 552 1031 651 patri.

683 806 845 879 CLXIX·
1032 845 1240 922 (ru-umor)

267 990 487 1066 Argamum.
506 987 626 1068 Rapum
645 985 787 1055 Cruriorn's
805 981 948 1051 libertum
967 992 1109 1058 mensal,
1127 982 1212 1064 quod
1231 986 1260 1041 iu

305 1098 399 1175 putris
417 1094 522 1155 funere
541 1093 629 1152 ludos
645 1092 764 1173 poprrlo
781 1111 846 1153 non
864 1092 1052 1172 promiscuit,
1065 1101 1098 1149 et
1116 1090 1193 1171 quid
1206 1089 1259 1148 sihi

305 1203 429 1260 omnino
448 1199 488 1259 de
505 1199 553 1259 his
570 1197 749 1261 muneribus
769 1197 922 1267 vidntur,
941 1195 1102 1276 siguificat

560 1404 614 1457 sa.
632 1404 727 1463 nomae
745 1405 776 1456 r.
793 1403 829 1456 v.
844 1403 875 1455 c
891 1401 967 1471 nec.

445 1605 488 1667 ιιι.
513 1603 549 1666 ι.
574 1602 718 1667 cremo
741 1601 777 1664 c.
800 1600 963 1671 οιιιιοιιι
981 1601 1018 1677 s.
1038 1600 1081 1679 o.

315 1811 435 1910 Rupae
449 1824 461 1858 ¹
486 1805 642 1885 studium
658 1832 731 1880 non
749 1805 858 1879 deluit
878 1804 1172 1879 declarandorum
1188 1832 1255 1877 mu-

260 1951 418 2017 nerum²
443 1949 506 2009 tuo
530 1935 691 2031 nomine,
720 1933 786 2027 sed
814 1959 881 2005 nec
904 1931 991 2004 mihi
1014 1931 1172 2032 placuit,
1195 1957 1255 2004 nec

261 2065 426 2163 cuiquam
456 2075 619 2157 tuorum,
651 2061 860 2160 quicquam,
892 2073 926 2131 le
965 2058 1136 2158 absente,
1165 2058 1255 2154 fieri,

263 2188 359 2290 quod
384 2188 465 2287 tihi,
490 2214 598 2289 quum
622 2188 793 2286 venisses,
824 2211 898 2259 non
924 2199 1018 2259 esset
1041 2187 1214 2285 integrum
1232 2186 1252 2254 ³.

261 2314 437 2415 Equidem
463 2313 548 2416 quid
572 2315 722 2386 sentiam
736 2311 772 2412 ⁴,
799 2327 861 2387 ant
884 2311 1035 2421 scribam
1061 2310 1109 2384 ad
1134 2326 1171 2384 te
1194 2335 1254 2411 po-

261 2454 335 2512 stea
360 2439 516 2539 pluribus
528 2496 538 2538 ,
564 2453 645 2538 aut,
672 2465 717 2511 ne
742 2437 789 2510 ad
813 2465 855 2512 ea
878 2437 1081 2511 meditere5
1106 2438 1253 2537 impara-

260 2578 337 2636 tum
363 2578 396 2636 te
422 2564 615 2664 offendam,
638 2567 858 2666 coramque⁶
881 2577 1005 2638 contra
1029 2564 1137 2657 istum
1161 2577 1253 2636 tuam

259 2690 431 2762 rationem
449 2709 474 2788 ⁷,
497 2716 612 2764 meam
638 2689 768 2763 dicam:
793 2703 834 2764 ut
859 2705 919 2763 aut
943 2703 977 2762 te
994 2691 1032 2761 in
1049 2683 1167 2762 meam
1183 2714 1254 2762 sen-

259 2816 405 2888 tentiam
431 2815 626 2914 adducam,
658 2830 719 2889 aut
748 2830 842 2889 certe
868 2829 1033 2889 testatum
1059 2814 1159 2917 apud
1183 2814 1253 2888 ani·

259 2967 355 3014 mum
395 2956 495 3014 tuum
531 2942 746 3056 relinquam,
782 2941 869 3044 quid
905 2941 1093 3040 senserim,
1132 2955 1193 3038 ut,
1226 2939 1251 3011 si

259 3066 400 3169 quando
433 3068 558 3170 (quod
591 3069 727 3159 nolim)
761 3067 944 3170 displicere
974 3067 1041 3140 tibi
1071 3067 1252 3140 consilium

254 3195 389 3267 ῑιιιιιι]8
423 3197 600 3295 coeperit,
631 3195 744 3298 possis
773 3221 895 3268 meum
922 3192 1116 3268 recordari.
1152 3191 1251 3267 Brevi

257 3333 376 3398 tamen
408 3323 457 3393 sic
490 3321 641 3422 habeto,
672 3324 711 3394 in
748 3349 829 3396 eum
861 3335 992 3394 statum
1020 3333 1250 3420 temporum

257 3457 357 3519 tuum
393 3446 543 3521 reditum
575 3430 748 3547 incidere,
778 3463 819 3520 ut
849 3449 891 3521 iis
922 3446 1046 3545 bonis,
1075 3472 1167 3547 quae
1190 3443 1251 3516 tibi

254 3586 397 3671 natura,
421 3574 553 3674 studi0,
575 3574 716 3666 ¹fortuna
741 3573 824 3648 datu
849 3586 947 3671 sunt,
963 3550 1101 3669 lucilius
1120 3571 1248 3666 omnia,

249 3722 345 3797 ,quae
370 3712 452 3771 sunt
476 3699 688 3802 amplissima
719 3702 757 3772 in
789 3727 826 3774 re
858 3688 1000 3801 publica
1015 3714 1062 3799 1⁰,
1086 3695 1247 3797 consequi

256 3824 384 3920 possis,
409 3852 513 3927 quam
537 3827 753 3901 muneribus:
787 3853 935 3929 quorum
967 3851 1084 3926 neque
1109 3821 1243 3898 faculta-
