<?xml version="1.0" encoding="UTF-8"?>
<!DOCTYPE html PUBLIC "-//W3C//DTD XHTML 1.0 Transitional//EN"
    "http://www.w3.org/TR/xhtml1/DTD/xhtml1-transitional.dtd">
<html xmlns="http://www.w3.org/1999/xhtml" xml:lang="en" lang="en">
 <head>
  <title>
</title>
<meta http-equiv="Content-Type" content="text/html;charset=utf-8" />
  <meta name='ocr-system' content='tesseract 3.04.00' />
  <meta name='ocr-capabilities' content='ocr_page ocr_carea ocr_par ocr_line ocrx_word'/>
</head>
<body>
  <div class='ocr_page' id='page_1' title='image "./mtulliiciceroni57cicegoog/mtulliiciceroni57cicegoog_0113.png"; bbox 0 0 2632 4852; ppageno 0'>
   <div class='ocr_carea' id='block_1_1' title="bbox 156 288 1170 3806">
    <p class='ocr_par' dir='ltr' id='par_1_1' title="bbox 156 288 1170 3806">
     <span class='ocr_line' id='line_1_1' title="bbox 176 288 1145 388; baseline 0.004 -19"><span class='ocrx_word' id='word_1_1' title='bbox 176 304 242 377; x_wconf 88' lang='lat'>106</span> <span class='ocrx_word' id='word_1_2' title='bbox 489 321 658 370; x_wconf 81' lang='lat' dir='ltr'>rrrsrota</span> <span class='ocrx_word' id='word_1_3' title='bbox 684 288 828 372; x_wconf 78' lang='lat' dir='ltr'>cxtvrrr.</span> <span class='ocrx_word' id='word_1_4' title='bbox 944 321 975 370; x_wconf 77' lang='lat' dir='ltr'>n.</span> <span class='ocrx_word' id='word_1_5' title='bbox 995 326 1027 372; x_wconf 77' lang='lat' dir='ltr'>v.</span> <span class='ocrx_word' id='word_1_6' title='bbox 1045 327 1074 372; x_wconf 90' lang='lat' dir='ltr'>c.</span> <span class='ocrx_word' id='word_1_7' title='bbox 1093 327 1145 388; x_wconf 75' lang='lat'>⁶99</span> 
     </span>
     <span class='ocr_line' id='line_1_2' title="bbox 168 418 1169 527; baseline 0 -25"><span class='ocrx_word' id='word_1_8' title='bbox 168 424 364 502; x_wconf 87' lang='lat' dir='ltr'>humanitas</span> <span class='ocrx_word' id='word_1_9' title='bbox 390 426 462 497; x_wconf 88' lang='lat' dir='ltr'>eius</span> <span class='ocrx_word' id='word_1_10' title='bbox 495 451 535 497; x_wconf 91' lang='lat' dir='ltr'>ac</span> <span class='ocrx_word' id='word_1_11' title='bbox 571 423 775 524; x_wconf 81' lang='lat' dir='ltr'><strong>liberalitas,</strong></span> <span class='ocrx_word' id='word_1_12' title='bbox 811 418 911 498; x_wconf 86' lang='lat' dir='ltr'>brevi</span> <span class='ocrx_word' id='word_1_13' title='bbox 943 439 1105 527; x_wconf 86' lang='lat' dir='ltr'>tempore</span> <span class='ocrx_word' id='word_1_14' title='bbox 1131 444 1169 502; x_wconf 90' lang='lat' dir='ltr'>et</span> 
     </span>
     <span class='ocr_line' id='line_1_3' title="bbox 166 549 1165 652; baseline 0.001 -25"><span class='ocrx_word' id='word_1_15' title='bbox 166 554 275 627; x_wconf 89' lang='lat' dir='ltr'>literis</span> <span class='ocrx_word' id='word_1_16' title='bbox 293 554 323 604; x_wconf 83' lang='lat'>⁵⁸</span> <span class='ocrx_word' id='word_1_17' title='bbox 356 566 392 623; x_wconf 88' lang='lat' dir='ltr'>et</span> <span class='ocrx_word' id='word_1_18' title='bbox 429 549 551 624; x_wconf 88' lang='lat' dir='ltr'>officiis</span> <span class='ocrx_word' id='word_1_19' title='bbox 584 565 768 651; x_wconf 89' lang='lat' dir='ltr'>perspecta</span> <span class='ocrx_word' id='word_1_20' title='bbox 804 550 907 623; x_wconf 90' lang='lat' dir='ltr'>nobis</span> <span class='ocrx_word' id='word_1_21' title='bbox 938 564 975 624; x_wconf 91' lang='lat' dir='ltr'>et</span> <span class='ocrx_word' id='word_1_22' title='bbox 1012 555 1165 652; x_wconf 85' lang='lat' dir='ltr'>cognita.</span> 
     </span>
     <span class='ocr_line' id='line_1_4' title="bbox 166 675 1168 779; baseline -0.004 -23"><span class='ocrx_word' id='word_1_23' title='bbox 166 680 402 756; x_wconf 82' lang='lat' dir='ltr'>Vehementer</span> <span class='ocrx_word' id='word_1_24' title='bbox 427 678 532 748; x_wconf 88' lang='lat' dir='ltr'>etiam</span> <span class='ocrx_word' id='word_1_25' title='bbox 556 702 611 748; x_wconf 88' lang='lat' dir='ltr'>res</span> <span class='ocrx_word' id='word_1_26' title='bbox 635 678 711 776; x_wconf 89' lang='lat' dir='ltr'>ipsa</span> <span class='ocrx_word' id='word_1_27' title='bbox 736 675 878 776; x_wconf 89' lang='lat' dir='ltr'>publica</span> <span class='ocrx_word' id='word_1_28' title='bbox 895 677 928 742; x_wconf 79' lang='lat'>⁵9</span> <span class='ocrx_word' id='word_1_29' title='bbox 952 703 1009 750; x_wconf 92' lang='lat' dir='ltr'>me</span> <span class='ocrx_word' id='word_1_30' title='bbox 1034 681 1168 779; x_wconf 87' lang='lat' dir='ltr'>movit,</span> 
     </span>
     <span class='ocr_line' id='line_1_5' title="bbox 167 802 1167 907; baseline 0.001 -30"><span class='ocrx_word' id='word_1_31' title='bbox 167 828 255 907; x_wconf 88' lang='lat' dir='ltr'>quae</span> <span class='ocrx_word' id='word_1_32' title='bbox 290 803 378 876; x_wconf 91' lang='lat' dir='ltr'>mihi</span> <span class='ocrx_word' id='word_1_33' title='bbox 413 802 597 877; x_wconf 85' lang='lat' dir='ltr'>videbatur</span> <span class='ocrx_word' id='word_1_34' title='bbox 635 804 922 901; x_wconf 78' lang='lat' dir='ltr'>contentionem,</span> <span class='ocrx_word' id='word_1_35' title='bbox 958 808 1167 903; x_wconf 86' lang='lat' dir='ltr'>praesertim</span> 
     </span>
     <span class='ocr_line' id='line_1_6' title="bbox 164 914 1170 1026; baseline -0.001 -23"><span class='ocrx_word' id='word_1_36' title='bbox 164 930 324 1003; x_wconf 88' lang='lat' dir='ltr'>maximis</span> <span class='ocrx_word' id='word_1_37' title='bbox 356 926 459 1002; x_wconf 90' lang='lat' dir='ltr'>rebus</span> <span class='ocrx_word' id='word_1_38' title='bbox 491 955 511 1001; x_wconf 92' lang='lat' dir='ltr'>a</span> <span class='ocrx_word' id='word_1_39' title='bbox 544 929 691 1002; x_wconf 82' lang='lat' dir='ltr'>Caesare</span> <span class='ocrx_word' id='word_1_40' title='bbox 724 928 845 1026; x_wconf 84' lang='lat' dir='ltr'>gestis,</span> <span class='ocrx_word' id='word_1_41' title='bbox 877 953 958 1000; x_wconf 90' lang='lat' dir='ltr'>cum</span> <span class='ocrx_word' id='word_1_42' title='bbox 986 914 1054 1002; x_wconf 91' lang='lat' dir='ltr'>illis</span> <span class='ocrx_word' id='word_1_43' title='bbox 1079 930 1170 1002; x_wconf 85' lang='lat' dir='ltr'>viris</span> 
     </span>
     <span class='ocr_line' id='line_1_7' title="bbox 164 1052 1162 1153; baseline -0.002 -24"><span class='ocrx_word' id='word_1_44' title='bbox 164 1055 259 1130; x_wconf 90' lang='lat' dir='ltr'>nolle</span> <span class='ocrx_word' id='word_1_45' title='bbox 291 1056 389 1153; x_wconf 84' lang='lat' dir='ltr'>lieri,</span> <span class='ocrx_word' id='word_1_46' title='bbox 421 1068 478 1152; x_wconf 93' lang='lat' dir='ltr'>et,</span> <span class='ocrx_word' id='word_1_47' title='bbox 509 1080 554 1126; x_wconf 92' lang='lat' dir='ltr'>ne</span> <span class='ocrx_word' id='word_1_48' title='bbox 592 1055 709 1153; x_wconf 90' lang='lat' dir='ltr'>fieret,</span> <span class='ocrx_word' id='word_1_49' title='bbox 740 1052 964 1127; x_wconf 87' lang='lat' dir='ltr'>vehementer</span> <span class='ocrx_word' id='word_1_50' title='bbox 992 1055 1162 1129; x_wconf 82' lang='lat' dir='ltr'>recusare.</span> 
     </span>
     <span class='ocr_line' id='line_1_8' title="bbox 164 1177 1163 1279; baseline -0.003 -24"><span class='ocrx_word' id='word_1_51' title='bbox 164 1179 377 1255; x_wconf 87' lang='lat' dir='ltr'>Gravissime</span> <span class='ocrx_word' id='word_1_52' title='bbox 404 1194 520 1253; x_wconf 85' lang='lat' dir='ltr'>autem</span> <span class='ocrx_word' id='word_1_53' title='bbox 544 1205 600 1251; x_wconf 90' lang='lat' dir='ltr'>me</span> <span class='ocrx_word' id='word_1_54' title='bbox 624 1181 662 1251; x_wconf 91' lang='lat' dir='ltr'>in</span> <span class='ocrx_word' id='word_1_55' title='bbox 687 1177 779 1251; x_wconf 90' lang='lat' dir='ltr'>hane</span> <span class='ocrx_word' id='word_1_56' title='bbox 805 1179 1001 1250; x_wconf 83' lang='lat' dir='ltr'>mentem⁶⁰</span> <span class='ocrx_word' id='word_1_57' title='bbox 1020 1179 1163 1279; x_wconf 91' lang='lat' dir='ltr'>impulit</span> 
     </span>
     <span class='ocr_line' id='line_1_9' title="bbox 164 1304 1162 1408; baseline 0.001 -30"><span class='ocrx_word' id='word_1_58' title='bbox 164 1320 200 1378; x_wconf 87' lang='lat' dir='ltr'>et</span> <span class='ocrx_word' id='word_1_59' title='bbox 217 1308 383 1408; x_wconf 21' lang='lat' dir='ltr'>,Pompeii</span> <span class='ocrx_word' id='word_1_60' title='bbox 409 1306 512 1404; x_wconf 87' lang='lat' dir='ltr'>fides,</span> <span class='ocrx_word' id='word_1_61' title='bbox 544 1330 649 1407; x_wconf 82' lang='lat' dir='ltr'>quam</span> <span class='ocrx_word' id='word_1_62' title='bbox 679 1304 723 1377; x_wconf 92' lang='lat' dir='ltr'>de</span> <span class='ocrx_word' id='word_1_63' title='bbox 747 1331 804 1377; x_wconf 92' lang='lat' dir='ltr'>me</span> <span class='ocrx_word' id='word_1_64' title='bbox 828 1305 969 1378; x_wconf 87' lang='lat' dir='ltr'>Caesari</span> <span class='ocrx_word' id='word_1_65' title='bbox 995 1304 1162 1404; x_wconf 73' lang='lat' dir='ltr'>dederat,</span> 
     </span>
     <span class='ocr_line' id='line_1_10' title="bbox 163 1405 1160 1533; baseline 0.002 -30"><span class='ocrx_word' id='word_1_66' title='bbox 163 1445 199 1504; x_wconf 91' lang='lat' dir='ltr'>et</span> <span class='ocrx_word' id='word_1_67' title='bbox 223 1432 337 1506; x_wconf 87' lang='lat' dir='ltr'>fratris</span> <span class='ocrx_word' id='word_1_68' title='bbox 355 1405 452 1532; x_wconf 82' lang='lat' dir='ltr'>mei,</span> <span class='ocrx_word' id='word_1_69' title='bbox 485 1458 589 1533; x_wconf 74' lang='lat' dir='ltr'>qrram</span> <span class='ocrx_word' id='word_1_70' title='bbox 621 1432 801 1530; x_wconf 88' lang='lat' dir='ltr'>Pompeio.</span> <span class='ocrx_word' id='word_1_71' title='bbox 834 1433 947 1504; x_wconf 88' lang='lat' dir='ltr'>Erant</span> <span class='ocrx_word' id='word_1_72' title='bbox 979 1445 1160 1530; x_wconf 88' lang='lat' dir='ltr'>praeterea</span> 
     </span>
     <span class='ocr_line' id='line_1_11' title="bbox 162 1540 1160 1658; baseline 0 -28"><span class='ocrx_word' id='word_1_73' title='bbox 162 1557 249 1632; x_wconf 89' lang='lat' dir='ltr'>haec</span> <span class='ocrx_word' id='word_1_74' title='bbox 276 1555 584 1632; x_wconf 89' lang='lat' dir='ltr'>animadvertenda</span> <span class='ocrx_word' id='word_1_75' title='bbox 610 1560 647 1628; x_wconf 87' lang='lat' dir='ltr'>in</span> <span class='ocrx_word' id='word_1_76' title='bbox 672 1559 828 1654; x_wconf 86' lang='lat' dir='ltr'>civitate,</span> <span class='ocrx_word' id='word_1_77' title='bbox 845 1580 933 1657; x_wconf 87' lang='lat' dir='ltr'>qoae</span> <span class='ocrx_word' id='word_1_78' title='bbox 958 1571 1041 1630; x_wconf 85' lang='lat' dir='ltr'>sunt</span> <span class='ocrx_word' id='word_1_79' title='bbox 1065 1540 1160 1658; x_wconf 86' lang='lat' dir='ltr'>apud</span> 
     </span>
     <span class='ocr_line' id='line_1_12' title="bbox 161 1679 1161 1784; baseline 0.001 -28"><span class='ocrx_word' id='word_1_80' title='bbox 161 1682 346 1756; x_wconf 72' lang='lat' dir='ltr'>Platonem</span> <span class='ocrx_word' id='word_1_81' title='bbox 370 1689 528 1758; x_wconf 82' lang='lat' dir='ltr'>nostrum</span> <span class='ocrx_word' id='word_1_82' title='bbox 554 1685 683 1784; x_wconf 87' lang='lat' dir='ltr'>scripta</span> <span class='ocrx_word' id='word_1_83' title='bbox 699 1686 729 1734; x_wconf 81' lang='lat'>⁶¹</span> <span class='ocrx_word' id='word_1_84' title='bbox 758 1679 939 1756; x_wconf 69' lang='lat' dir='ltr'>diuinitus:</span> <span class='ocrx_word' id='word_1_85' title='bbox 966 1682 1099 1774; x_wconf 84' lang='lat' dir='ltr'>Quales</span> <span class='ocrx_word' id='word_1_86' title='bbox 1124 1687 1161 1756; x_wconf 89' lang='lat' dir='ltr'>in</span> 
     </span>
     <span class='ocr_line' id='line_1_13' title="bbox 162 1807 1160 1909; baseline 0.001 -28"><span class='ocrx_word' id='word_1_87' title='bbox 162 1833 199 1881; x_wconf 94' lang='lat' dir='ltr'>re</span> <span class='ocrx_word' id='word_1_88' title='bbox 225 1808 365 1908; x_wconf 90' lang='lat' dir='ltr'>publica</span> <span class='ocrx_word' id='word_1_89' title='bbox 391 1811 568 1909; x_wconf 88' lang='lat' dir='ltr'>principes</span> <span class='ocrx_word' id='word_1_90' title='bbox 595 1823 726 1907; x_wconf 89' lang='lat' dir='ltr'>essent,</span> <span class='ocrx_word' id='word_1_91' title='bbox 758 1808 844 1881; x_wconf 87' lang='lat' dir='ltr'>tales</span> <span class='ocrx_word' id='word_1_92' title='bbox 869 1807 1023 1908; x_wconf 88' lang='lat' dir='ltr'>reliquos</span> <span class='ocrx_word' id='word_1_93' title='bbox 1050 1810 1160 1882; x_wconf 90' lang='lat' dir='ltr'>solere</span> 
     </span>
     <span class='ocr_line' id='line_1_14' title="bbox 162 1928 1159 2035; baseline 0.002 -29"><span class='ocrx_word' id='word_1_94' title='bbox 162 1960 236 2007; x_wconf 89' lang='lat' dir='ltr'>esse</span> <span class='ocrx_word' id='word_1_95' title='bbox 262 1936 363 2008; x_wconf 89' lang='lat' dir='ltr'>cives.</span> <span class='ocrx_word' id='word_1_96' title='bbox 390 1936 569 2009; x_wconf 89' lang='lat' dir='ltr'>Tenebam</span> <span class='ocrx_word' id='word_1_97' title='bbox 594 1936 780 2034; x_wconf 88' lang='lat' dir='ltr'>memoria,</span> <span class='ocrx_word' id='word_1_98' title='bbox 810 1928 913 2007; x_wconf 83' lang='lat' dir='ltr'>uobis</span> <span class='ocrx_word' id='word_1_99' title='bbox 939 1934 1159 2035; x_wconf 87' lang='lat' dir='ltr'>consulibus,</span> 
     </span>
     <span class='ocr_line' id='line_1_15' title="bbox 160 2060 1157 2137; baseline 0.003 -6"><span class='ocrx_word' id='word_1_100' title='bbox 160 2086 201 2132; x_wconf 89' lang='lat' dir='ltr'>ea</span> <span class='ocrx_word' id='word_1_101' title='bbox 226 2060 452 2136; x_wconf 88' lang='lat' dir='ltr'>fundamenta</span> <span class='ocrx_word' id='word_1_102' title='bbox 478 2064 567 2135; x_wconf 87' lang='lat' dir='ltr'>iacta</span> <span class='ocrx_word' id='word_1_103' title='bbox 594 2089 635 2136; x_wconf 84' lang='lat' dir='ltr'>ex</span> <span class='ocrx_word' id='word_1_104' title='bbox 653 2061 821 2135; x_wconf 85' lang='lat' dir='ltr'>Kalendis</span> <span class='ocrx_word' id='word_1_105' title='bbox 838 2061 1008 2134; x_wconf 89' lang='lat' dir='ltr'>Ianuariis</span> <span class='ocrx_word' id='word_1_106' title='bbox 1020 2064 1054 2112; x_wconf 81' lang='lat'>⁶²</span> <span class='ocrx_word' id='word_1_107' title='bbox 1072 2087 1157 2137; x_wconf 91' lang='lat' dir='ltr'>con-</span> 
     </span>
     <span class='ocr_line' id='line_1_16' title="bbox 160 2188 1157 2288; baseline 0.001 -29"><span class='ocrx_word' id='word_1_108' title='bbox 160 2188 321 2264; x_wconf 81' lang='lat' dir='ltr'>firmandi</span> <span class='ocrx_word' id='word_1_109' title='bbox 346 2203 507 2286; x_wconf 87' lang='lat' dir='ltr'>senatus,</span> <span class='ocrx_word' id='word_1_110' title='bbox 539 2202 579 2260; x_wconf 86' lang='lat' dir='ltr'>ut</span> <span class='ocrx_word' id='word_1_111' title='bbox 611 2189 786 2261; x_wconf 90' lang='lat' dir='ltr'>neminem</span> <span class='ocrx_word' id='word_1_112' title='bbox 815 2188 932 2260; x_wconf 90' lang='lat' dir='ltr'>mirari</span> <span class='ocrx_word' id='word_1_113' title='bbox 956 2202 1157 2288; x_wconf 78' lang='lat' dir='ltr'>oporteret,</span> 
     </span>
     <span class='ocr_line' id='line_1_17' title="bbox 159 2312 1156 2388; baseline 0.001 -2"><span class='ocrx_word' id='word_1_114' title='bbox 159 2312 282 2386; x_wconf 86' lang='lat' dir='ltr'>Nonis·</span> <span class='ocrx_word' id='word_1_115' title='bbox 305 2313 557 2387; x_wconf 84' lang='lat' dir='ltr'>Decembribus</span> <span class='ocrx_word' id='word_1_116' title='bbox 593 2327 730 2387; x_wconf 88' lang='lat' dir='ltr'>tantum</span> <span class='ocrx_word' id='word_1_117' title='bbox 760 2312 817 2385; x_wconf 86' lang='lat' dir='ltr'>vel</span> <span class='ocrx_word' id='word_1_118' title='bbox 851 2314 958 2384; x_wconf 89' lang='lat' dir='ltr'>animi</span> <span class='ocrx_word' id='word_1_119' title='bbox 990 2313 1098 2388; x_wconf 86' lang='lat' dir='ltr'>fuisse</span> <span class='ocrx_word' id='word_1_120' title='bbox 1122 2317 1156 2387; x_wconf 91' lang='lat' dir='ltr'>in</span> 
     </span>
     <span class='ocr_line' id='line_1_18' title="bbox 158 2436 1156 2539; baseline 0.005 -31"><span class='ocrx_word' id='word_1_121' title='bbox 158 2436 219 2509; x_wconf 91' lang='lat' dir='ltr'>illo</span> <span class='ocrx_word' id='word_1_122' title='bbox 244 2439 380 2536; x_wconf 89' lang='lat' dir='ltr'>ordine,</span> <span class='ocrx_word' id='word_1_123' title='bbox 397 2439 452 2510; x_wconf 87' lang='lat' dir='ltr'>vel</span> <span class='ocrx_word' id='word_1_124' title='bbox 470 2441 694 2512; x_wconf 82' lang='lat' dir='ltr'>auctoritatis.</span> <span class='ocrx_word' id='word_1_125' title='bbox 720 2439 888 2539; x_wconf 86' lang='lat' dir='ltr'>Idemque</span> <span class='ocrx_word' id='word_1_126' title='bbox 913 2441 1156 2539; x_wconf 77' lang='lat' dir='ltr'>memineram,</span> 
     </span>
     <span class='ocr_line' id='line_1_19' title="bbox 158 2552 1155 2666; baseline 0.007 -33"><span class='ocrx_word' id='word_1_127' title='bbox 158 2562 260 2635; x_wconf 89' lang='lat' dir='ltr'>nobis</span> <span class='ocrx_word' id='word_1_128' title='bbox 297 2566 443 2662; x_wconf 79' lang='lat' dir='ltr'>privatis</span> <span class='ocrx_word' id='word_1_129' title='bbox 481 2592 589 2666; x_wconf 90' lang='lat' dir='ltr'>usque</span> <span class='ocrx_word' id='word_1_130' title='bbox 626 2566 672 2639; x_wconf 91' lang='lat' dir='ltr'>ad</span> <span class='ocrx_word' id='word_1_131' title='bbox 704 2567 891 2639; x_wconf 83' lang='lat' dir='ltr'>Caesarem·</span> <span class='ocrx_word' id='word_1_132' title='bbox 925 2580 961 2637; x_wconf 89' lang='lat' dir='ltr'>et</span> <span class='ocrx_word' id='word_1_133' title='bbox 992 2552 1155 2640; x_wconf 90' lang='lat' dir='ltr'>Bibulum</span> 
     </span>
     <span class='ocr_line' id='line_1_20' title="bbox 160 2688 1155 2794; baseline 0.006 -34"><span class='ocrx_word' id='word_1_134' title='bbox 160 2688 340 2788; x_wconf 89' lang='lat' dir='ltr'>consules,</span> <span class='ocrx_word' id='word_1_135' title='bbox 379 2719 485 2792; x_wconf 88' lang='lat' dir='ltr'>quum</span> <span class='ocrx_word' id='word_1_136' title='bbox 519 2694 711 2764; x_wconf 89' lang='lat' dir='ltr'>sententiae</span> <span class='ocrx_word' id='word_1_137' title='bbox 744 2697 883 2766; x_wconf 86' lang='lat' dir='ltr'>nostrae</span> <span class='ocrx_word' id='word_1_138' title='bbox 919 2718 1094 2794; x_wconf 87' lang='lat' dir='ltr'>magnum</span> <span class='ocrx_word' id='word_1_139' title='bbox 1121 2695 1155 2766; x_wconf 91' lang='lat' dir='ltr'>in</span> 
     </span>
     <span class='ocr_line' id='line_1_21' title="bbox 158 2791 1154 2918; baseline 0.006 -32"><span class='ocrx_word' id='word_1_140' title='bbox 158 2828 281 2886; x_wconf 87' lang='lat' dir='ltr'>senatu</span> <span class='ocrx_word' id='word_1_141' title='bbox 305 2818 445 2914; x_wconf 90' lang='lat' dir='ltr'>pondus</span> <span class='ocrx_word' id='word_1_142' title='bbox 470 2791 656 2918; x_wconf 83' lang='lat' dir='ltr'>haberent,</span> <span class='ocrx_word' id='word_1_143' title='bbox 673 2843 781 2890; x_wconf 89' lang='lat' dir='ltr'>unum</span> <span class='ocrx_word' id='word_1_144' title='bbox 799 2818 868 2915; x_wconf 84' lang='lat' dir='ltr'>fere</span> <span class='ocrx_word' id='word_1_145' title='bbox 891 2843 1035 2892; x_wconf 89' lang='lat' dir='ltr'>sensum</span> <span class='ocrx_word' id='word_1_146' title='bbox 1052 2819 1154 2892; x_wconf 87' lang='lat' dir='ltr'>fuisse</span> 
     </span>
     <span class='ocr_line' id='line_1_22' title="bbox 157 2938 1153 3046; baseline 0.008 -36"><span class='ocrx_word' id='word_1_147' title='bbox 157 2938 330 3014; x_wconf 86' lang='lat' dir='ltr'>bonorum</span> <span class='ocrx_word' id='word_1_148' title='bbox 357 2946 522 3017; x_wconf 89' lang='lat' dir='ltr'>omnium.</span> <span class='ocrx_word' id='word_1_149' title='bbox 548 2947 676 3019; x_wconf 88' lang='lat' dir='ltr'>Postea</span> <span class='ocrx_word' id='word_1_150' title='bbox 703 2972 810 3046; x_wconf 93' lang='lat' dir='ltr'>quum</span> <span class='ocrx_word' id='word_1_151' title='bbox 827 2958 865 3017; x_wconf 91' lang='lat' dir='ltr'>tu</span> <span class='ocrx_word' id='word_1_152' title='bbox 883 2946 1093 3046; x_wconf 90' lang='lat' dir='ltr'>Hispaniam</span> <span class='ocrx_word' id='word_1_153' title='bbox 1111 2949 1153 3019; x_wconf 85' lang='lat' dir='ltr'>ei-</span> 
     </span>
     <span class='ocr_line' id='line_1_23' title="bbox 156 3067 1153 3175; baseline 0.009 -39"><span class='ocrx_word' id='word_1_154' title='bbox 156 3067 319 3140; x_wconf 87' lang='lat' dir='ltr'>teriorem</span> <span class='ocrx_word' id='word_1_155' title='bbox 353 3096 432 3142; x_wconf 92' lang='lat' dir='ltr'>cum</span> <span class='ocrx_word' id='word_1_156' title='bbox 464 3073 611 3172; x_wconf 88' lang='lat' dir='ltr'>imperio</span> <span class='ocrx_word' id='word_1_157' title='bbox 645 3073 838 3171; x_wconf 87' lang='lat' dir='ltr'>obtineres,</span> <span class='ocrx_word' id='word_1_158' title='bbox 869 3098 983 3174; x_wconf 88' lang='lat' dir='ltr'>neque</span> <span class='ocrx_word' id='word_1_159' title='bbox 1010 3101 1065 3148; x_wconf 90' lang='lat' dir='ltr'>res</span> <span class='ocrx_word' id='word_1_160' title='bbox 1091 3100 1153 3175; x_wconf 92' lang='lat' dir='ltr'>pu-</span> 
     </span>
     <span class='ocr_line' id='line_1_24' title="bbox 156 3187 1154 3307; baseline 0.011 -46"><span class='ocrx_word' id='word_1_161' title='bbox 156 3187 246 3264; x_wconf 92' lang='lat' dir='ltr'>blica</span> <span class='ocrx_word' id='word_1_162' title='bbox 272 3196 430 3307; x_wconf 88' lang='lat' dir='ltr'>consules</span> <span class='ocrx_word' id='word_1_163' title='bbox 455 3198 614 3298; x_wconf 88' lang='lat' dir='ltr'>haberet,</span> <span class='ocrx_word' id='word_1_164' title='bbox 640 3199 701 3272; x_wconf 92' lang='lat' dir='ltr'>sed</span> <span class='ocrx_word' id='word_1_165' title='bbox 727 3213 937 3272; x_wconf 84' lang='lat' dir='ltr'>mercatores</span> <span class='ocrx_word' id='word_1_166' title='bbox 953 3204 986 3251; x_wconf 79' lang='lat'>⁶³</span> <span class='ocrx_word' id='word_1_167' title='bbox 1016 3203 1154 3302; x_wconf 87' lang='lat' dir='ltr'>provin·</span> 
     </span>
     <span class='ocr_line' id='line_1_25' title="bbox 157 3317 1153 3419; baseline 0.011 -33"><span class='ocrx_word' id='word_1_168' title='bbox 157 3317 308 3419; x_wconf 90' lang='lat' dir='ltr'>ciarum,</span> <span class='ocrx_word' id='word_1_169' title='bbox 334 3336 370 3394; x_wconf 87' lang='lat' dir='ltr'>et</span> <span class='ocrx_word' id='word_1_170' title='bbox 395 3323 606 3398; x_wconf 90' lang='lat' dir='ltr'>seditionum</span> <span class='ocrx_word' id='word_1_171' title='bbox 631 3352 750 3400; x_wconf 87' lang='lat' dir='ltr'>servos</span> <span class='ocrx_word' id='word_1_172' title='bbox 776 3353 817 3398; x_wconf 90' lang='lat' dir='ltr'>ac</span> <span class='ocrx_word' id='word_1_173' title='bbox 842 3327 1043 3400; x_wconf 88' lang='lat' dir='ltr'>ministros:</span> <span class='ocrx_word' id='word_1_174' title='bbox 1076 3329 1153 3399; x_wconf 88' lang='lat' dir='ltr'>iecit</span> 
     </span>
     <span class='ocr_line' id='line_1_26' title="bbox 157 3443 1150 3552; baseline 0.01 -39"><span class='ocrx_word' id='word_1_175' title='bbox 157 3443 299 3539; x_wconf 90' lang='lat' dir='ltr'>quidam</span> <span class='ocrx_word' id='word_1_176' title='bbox 333 3463 432 3529; x_wconf 84' lang='lat' dir='ltr'>casus</span> <span class='ocrx_word' id='word_1_177' title='bbox 451 3451 483 3517; x_wconf 80' lang='grc'>64</span> <span class='ocrx_word' id='word_1_178' title='bbox 516 3467 622 3551; x_wconf 89' lang='lat' dir='ltr'>eaput</span> <span class='ocrx_word' id='word_1_179' title='bbox 654 3479 791 3549; x_wconf 88' lang='lat' dir='ltr'>meum,</span> <span class='ocrx_word' id='word_1_180' title='bbox 824 3453 922 3552; x_wconf 89' lang='lat' dir='ltr'>quasi</span> <span class='ocrx_word' id='word_1_181' title='bbox 956 3453 1150 3525; x_wconf 88' lang='lat' dir='ltr'>certaminis</span> 
     </span>
     <span class='ocr_line' id='line_1_27' title="bbox 157 3573 1149 3679; baseline 0.011 -42"><span class='ocrx_word' id='word_1_182' title='bbox 157 3591 277 3664; x_wconf 93' lang='lat' dir='ltr'>causa,</span> <span class='ocrx_word' id='word_1_183' title='bbox 301 3573 339 3644; x_wconf 92' lang='lat' dir='ltr'>in</span> <span class='ocrx_word' id='word_1_184' title='bbox 363 3575 515 3648; x_wconf 88' lang='lat' dir='ltr'>mediam</span> <span class='ocrx_word' id='word_1_185' title='bbox 541 3581 803 3652; x_wconf 88' lang='lat' dir='ltr'>contentionem</span> <span class='ocrx_word' id='word_1_186' title='bbox 832 3578 1149 3679; x_wconf 88' lang='lat' dir='ltr'>dissensionemque</span> 
     </span>
     <span class='ocr_line' id='line_1_28' title="bbox 158 3693 1148 3806; baseline 0.012 -44"><span class='ocrx_word' id='word_1_187' title='bbox 158 3693 303 3768; x_wconf 84' lang='lat' dir='ltr'>civilem.</span> <span class='ocrx_word' id='word_1_188' title='bbox 337 3700 417 3789; x_wconf 89' lang='lat' dir='ltr'>Quo</span> <span class='ocrx_word' id='word_1_189' title='bbox 452 3704 488 3774; x_wconf 93' lang='lat' dir='ltr'>in</span> <span class='ocrx_word' id='word_1_190' title='bbox 522 3703 720 3779; x_wconf 90' lang='lat' dir='ltr'>discrimine</span> <span class='ocrx_word' id='word_1_191' title='bbox 748 3732 856 3806; x_wconf 91' lang='lat' dir='ltr'>quum</span> <span class='ocrx_word' id='word_1_192' title='bbox 879 3707 1029 3779; x_wconf 90' lang='lat' dir='ltr'>mirifica</span> <span class='ocrx_word' id='word_1_193' title='bbox 1056 3731 1148 3777; x_wconf 91' lang='lat' dir='ltr'>sena·</span> 
     </span>
    </p>
   </div>
   <div class='ocr_carea' id='block_1_2' title="bbox 159 3823 1144 3930">
    <p class='ocr_par' dir='ltr' id='par_1_2' title="bbox 159 3823 1144 3930">
     <span class='ocr_line' id='line_1_29' title="bbox 159 3823 1144 3930; baseline 0.015 -43"><span class='ocrx_word' id='word_1_194' title='bbox 159 3828 230 3916; x_wconf 87' lang='lat' dir='ltr'>tus,</span> <span class='ocrx_word' id='word_1_195' title='bbox 255 3823 466 3901; x_wconf 88' lang='lat' dir='ltr'>incredibilis</span> <span class='ocrx_word' id='word_1_196' title='bbox 491 3829 610 3903; x_wconf 89' lang='lat' dir='ltr'>Italiae</span> <span class='ocrx_word' id='word_1_197' title='bbox 636 3833 760 3930; x_wconf 88' lang='lat' dir='ltr'>totius,</span> <span class='ocrx_word' id='word_1_198' title='bbox 786 3830 966 3930; x_wconf 85' lang='lat' dir='ltr'>singularis</span> <span class='ocrx_word' id='word_1_199' title='bbox 994 3834 1144 3906; x_wconf 86' lang='lat' dir='ltr'>omnium</span> 
     </span>
    </p>
   </div>
   <div class='ocr_carea' id='block_1_3' title="bbox 0 0 1320 4852">
    <p class='ocr_par' dir='ltr' id='par_1_3' title="bbox 0 0 1320 4852">
     <span class='ocr_line' id='line_1_30' title="bbox 0 0 1320 4852; baseline 0 4"><span class='ocrx_word' id='word_1_200' title='bbox 0 0 1320 4852; x_wconf 95' lang='lat' dir='ltr'> </span> 
     </span>
    </p>
   </div>
  </div>
 </body>
</html>
