2632 4852
177 335 244 404 180
538 349 708 401 rorsrona
734 351 824 400 ccvi.
948 345 980 401 a.
997 349 1031 395 v.
1052 348 1081 394 c
1097 346 1151 399 oao-

265 552 320 604 θον.
340 551 434 621 Romae
454 549 484 607 Α.
503 548 536 604 V.
554 549 583 602 C.
601 548 743 616 DCXffl,
761 564 846 606 mense
864 547 931 605 Nor,
949 554 1072 604 exeunte.

481 746 625 837 crosno
650 745 799 811 rrrrco
825 747 855 813 s,

224 982 236 1031 1
267 955 301 1030 Ο
326 964 543 1053 exspectatas
560 949 647 1027 mihi
664 965 741 1028 tuas
759 949 894 1029 literas!
912 944 1092 1050 o‘gratnm
1110 950 1170 1024 ad·

169 1085 360 1156 ventuml¹
388 1104 410 1151 o
436 1078 668 1151 constantiam
700 1077 880 1177 promissi,
904 1090 941 1149 et
964 1075 1074 1150 fidem
1098 1077 1165 1150 mi-

141 1254 143 1259 .
169 1211 261 1281 ram!
285 1229 308 1278 o
331 1202 596 1302 navigationem.
616 1201 819 1280 amandam!
844 1228 948 1302 quam
965 1200 1167 1278 mehercule

170 1354 235 1428 ego
250 1327 352 1402 valde
369 1328 546 1427 timebam,
561 1327 749 1401 recordans
761 1327 948 1428 superioris
960 1340 1042 1398 tuae
1057 1340 1169 1400 trans-

168 1454 342 1549 missionis
367 1455 486 1552 δὲῤῥεις
497 1470 522 1529 ².
542 1452 612 1526 Sed
636 1453 702 1525 nisi
728 1451 843 1552 fallor,
867 1451 969 1526 citius
993 1465 1044 1550 te,
1061 1478 1166 1552 quam

168 1578 306 1677 scribis,
331 1579 477 1677 videbor
502 1578 618 1653 Credo
644 1579 737 1652 enim
754 1592 790 1653 te
807 1591 967 1680 putasse,
992 1590 1071 1650 tuas
1093 1604 1167 1648 rnu-

167 1703 300 1776 lieres³
327 1705 364 1776 in
395 1701 522 1803 Apulia
555 1729 651 1776 esse:
686 1702 783 1804 quod
815 1728 922 1804 quum
955 1728 1055 1775 secus
1081 1703 1166 1801 erit,

167 1800 253 1930 quid
277 1842 312 1905 te
336 1829 462 1928 Apulia
479 1829 653 1906 moretur?
677 1854 760 1904 nam
776 1828 941 1906 Vestorio
958 1827 1067 1904 dandi
1084 1841 1165 1900 sunt

167 1953 240 2027 dics
256 1955 284 2055 l,
309 1970 345 2028 et
369 1954 425 2027 ille
450 1957 595 2029 Latinus
613 1959 817 2049 ἀττικισμός5
843 1981 886 2027 ex
902 1953 1086 2027 intervallo
1108 1979 1163 2026 re-

166 2080 365 2181 gustandus.
392 2081 487 2172 Quin
513 2097 551 2154 tu
576 2081 646 2154 huc
672 2079 834 2178 advolas,
858 2094 894 2152 et
918 2080 1039 2154 invisis
1069 2078 1160 2151 illius

164 2198 305 2280 nostrae
337 2209 386 2281 rei
413 2206 572 2312 publicae
591 2207 838 2306 germanaml⁶
855 2218 920 2308 [ne
944 2219 1051 2306 puta,
1065 2204 1164 2301 vide,

163 2320 315 2412 nummis
340 2347 421 2406 ante
453 2334 592 2412 comitia
618 2333 776 2408 tributim
807 2331 879 2406 uno
903 2331 984 2405 loco
1011 2330 1161 2428 divisis,

164 2457 283 2554 palam
299 2458 381 2536 inde
407 2458 605 2540 absolutum
645 2458 843 2539 Gabinium.
869 2459 981 2536 Detur
1006 2483 1082 2534 esse
1107 2483 1160 2530 va·

163 2580 328 2669 litorum]
345 2603 368 2654 a.

216 2735 236 2779 2
262 2709 315 2779 De
341 2709 487 2781 Messala
514 2711 611 2810 quod
637 2712 816 2810 quaeris85
835 2709 920 2810 quid
937 2707 1089 2781 scribam
1107 2733 1160 2780 ne·

164 2832 253 2905 scio:
279 2859 468 2935 numquam
504 2862 568 2934 ego
600 2836 673 2912 vidi
704 2849 776 2914 tam
808 2862 910 2935 pares
945 2834 1157 2908 candidatos.

164 2958 332 3036 Messalae
351 2963 470 3062 copias
488 2963 592 3039 nosti.
619 2962 785 3038 Scaurum
811 2961 966 3036 Triarius
992 2987 1093 3033 reum
1117 2958 1156 3030 la

150 3084 210 3156 'cit
226 3102 251 3161 9.
279 3086 314 3158 Si
340 3089 492 3187 quaeris,
525 3087 621 3161 nulla
654 3102 707 3160 est
738 3112 950 3186 magnopere
984 3097 1155 3164 commota

161 3217 349 3302 συμπάθεια.
377 3213 448 3284 Sed
472 3227 590 3286 tamen
615 3200 723 3285 habet
752 3213 910 3290 aedilitas
930 3227 959 3263 ¹⁰
988 3211 1065 3284 eius
1090 3233 1155 3282 me·

160 3335 308 3409 moriam
342 3363 415 3412 non
440 3339 628 3438 ingratam,
653 3352 689 3412 et
714 3353 767 3411 est
798 3337 940 3438 pondus
975 3335 1075 3438 apud
1106 3359 1156 3408 ru·

158 3459 266 3534 sticos
291 3463 328 3539 in
344 3465 459 3563 patrig
472 3467 698 3556 memoria-¹¹.
724 3464 861 3565 Reliqui
889 3463 960 3540 duo
987 3462 1153 3564 plebeii¹²

148 3584 207 3656 ,sio
233 3604 486 3688 exaequantur,
511 3605 551 3662 ut
575 3593 751 3667 Domitius
771 3590 888 3667 valeat
904 3589 1045 3689 amicis,
1065 3587 1153 3661 adiu«

156 3724 258 3783 vetur
283 3729 401 3787 tamen
426 3743 498 3788 non
516 3719 710 3814 gratissimo
736 3719 944 3813 munere'133
974 3715 1150 3788 Memmius

152 3834 311 3913 Caesaris
338 3843 601 3920 commendetur
625 3843 793 3921 militibus
813 3843 854 3939 ¹4,
879 3843 1040 3947 Pompeii
1073 3835 1142 3914 Gal·
