2632 4852
251 326 321 420 244
565 345 734 397 nersrou
760 347 929 399 cuxxvnr.
1020 343 1053 395 r.
1070 347 1107 394 v.
1123 345 1155 392 c.
1173 358 1217 405 700

537 571 948 628 &anonumum

391 666 1102 735 CnssomitioCaivinofflNaifflUthou.

424 869 468 932 nt
485 868 521 931 T.
538 865 682 932 CICERO
700 865 733 930 C.
750 864 914 931 CVRIONI
929 863 961 928 S.
976 863 1012 926 P.
1026 863 1068 926 D.

251 1096 255 1103 ·
302 1105 315 1149 1
345 1072 512 1149 Nondum
537 1086 612 1146 erat
636 1071 815 1171 auditum,
845 1083 882 1143 te
909 1068 957 1143 ad
979 1056 1122 1143 Italiam
1142 1085 1155 1121 ¹
1182 1069 1241 1142 ad-

248 1215 409 1299 ventare²
440 1225 548 1301 quum
579 1197 762 1271 Servilium
778 1213 805 1296 ²,
835 1193 978 1268 Milonis
1001 1194 1073 1268 mei
1096 1193 1245 1282 familia·

248 1352 444 1426 remgcum
467 1325 522 1396 his
547 1323 594 1397 ad
617 1337 653 1396 te
676 1323 786 1396 literis
806 1321 894 1394 mis't
911 1319 982 1393 Sed
1000 1333 1121 1394 temen
1138 1316 1244 1422 quum

248 1430 530 1554 appropinquare
554 1463 634 1523 tuus
659 1449 831 1522 adventus
854 1430 1053 1548 putaretur,
1068 1460 1106 1519 et
1123 1446 1244 1518 teiam

248 1603 291 1651 ex
313 1577 429 1653 Asia³
453 1575 601 1648 Romam
625 1600 745 1648 versus
776 1571 975 1674 profectum
1001 1596 1078 1644 ease
1104 1583 1244 1645 onusta-

247 1716 318 1800 ret,
340 1698 544 1798 magnitudo
568 1700 619 1771 rei
649 1698 748 1798 fecit,
779 1712 820 1771 nt
850 1723 925 1771 non
948 1721 1174 1794 vereremur,
1199 1719 1243 1766 ne

248 1819 351 1929 nimia
376 1825 448 1897 cito
472 1823 709 1923 mitteremus,
737 1850 846 1925 quum
869 1822 934 1897 has
958 1847 1065 1924 quem
1089 1819 1244 1922 primum

248 1950 295 2024 ad
312 1934 355 2024 'te
379 1949 522 2051 perferri
545 1948 691 2022 literasi
708 1973 923 2049 magnopere
946 1946 1127 2029 veliemnn
1151 1948 1244 2045 Ego,

248 2076 280 2149 si
294 2049 381 2149 'inea
404 2075 443 2147 in
467 2087 503 2148 te
527 2088 644 2148 essent
668 2074 783 2148 officia
806 2073 960 2172 solunt
983 2073 1111 2171 Curio,
1132 2085 1243 2170 mnia,

248 2180 377 2303 quantu
401 2201 510 2300 magis
535 2226 555 2272 a
580 2215 616 2278 te
639 2201 719 2303 ipso
751 2199 969 2302 praedicari,
1001 2225 1112 2301 qnam
1143 2225 1164 2272 a
1189 2223 1243 2270 me

247 2326 435 2426 ponderari
458 2325 589 2425 solent5
612 2325 877 2426 uerecundius?
901 2351 922 2399 a
946 2338 1000 2424 te,
1024 2326 1152 2426 siqua
1176 2349 1244 2397 ma·
1270 2365 1272 2369 f

249 2476 316 2548 gna
341 2477 397 2523 res
419 2449 507 2522 mihi
530 2451 682 2550 petenda
707 2446 816 2551 esset',
839 2450 1100 2526 contenderem
1126 2452 1242 2525 Grave

248 2589 301 2647 est
312 2576 410 2648 enim
426 2575 562 2647 homini
577 2576 749 2675 pudentia
765 2579 909 2677 petere⁸
925 2576 1061 2678 aliquid
1075 2601 1241 2676 magnum

211 2704 214 2709 ’
247 2699 292 2771 ab
324 2725 367 2770 eo
379 2755 390 2799 ,
421 2700 465 2772 de
497 2726 568 2803 quo
599 2728 637 2774 se
665 2702 756 2775 bene
780 2705 943 2776 meritum
967 2716 1087 2805 putet:
1112 2728 1159 2775 ne
1183 2700 1244 2797 id,

246 2822 343 2928 quod
366 2838 485 2925 petet,
509 2827 643 2924 exigere
668 2829 799 2927 magis,
831 2853 937 2930 quam
967 2853 1117 2927 rogare,
1148 2841 1185 2900 et
1206 2827 1242 2898 in

246 2950 416 3024 mercedis
447 2953 586 3051 potius,
617 2979 723 3054 quam
754 2953 914 3027 beneficii
944 2953 1026 3029 loeo
1058 2945 1244 3028 numerare

245 3076 414 3150 videatur.
440 3077 512 3151 Sed
536 3079 616 3178 quia
640 3093 701 3151 tua
725 3081 764 3153 in
787 3105 844 3153 me
868 3079 926 3153 vel
950 3093 1037 3152 uota
1062 3078 1242 3173 omnibus,

117 3248 120 3253 .
206 3254 209 3259 ·
245 3201 303 3273 vel
327 3204 403 3302 ipsa
426 3205 592 3300 novitate
606 3230 765 3278 meorum
794 3220 1026 3308 temporume
1052 3205 1241 3279 clarissima

245 3339 282 3398 et
304 3330 454 3401 maxima
478 3328 647 3404 beneficia
672 3332 894 3431 exstiterunt3
911 3345 1033 3432 estque
1058 3332 1170 3405 animi
1193 3331 1241 3402 in·

244 3454 368 3551 genui²
402 3456 459 3526 cui
490 3455 639 3530 multum
671 3456 822 3556 debeas,
853 3457 968 3530 eidem
987 3473 1015 3508 ¹⁰
1046 3455 1240 3557 'plurimum

243 3575 332 3648 velle
357 3578 504 3653 debere:
539 3607 613 3655 non
645 3583 826 3682 dubitavi,
855 3582 894 3657 id
926 3609 946 3656 a
972 3597 1007 3656 te
1032 3608 1099 3682 per
1124 3582 1237 3656 literas

243 3715 380 3802 petere,
403 3707 500 3806 (prod
523 3696 610 3782 mihi
634 3711 790 3783 omnium
815 3723 906 3783 esset
929 3710 1141 3808 maximum,
1165 3733 1235 3780 ma·

243 3823 402 3930 ximeque
425 3815 664 3910 necessarium.
699 3835 819 3938 Neque
852 3837 946 3912 enim
978 3863 1057 3911 sum
1085 3835 1234 3928 veritus,
