2632 4852
165 345 230 393 rao
463 340 631 389 errsrons
656 341 800 388 exuvrrr.
932 338 964 386 t.
977 340 1012 386 v.
1033 341 1062 388 c.
1081 340 1130 402 ⁶99

156 446 225 516 ulla
250 469 326 516 mea
352 441 561 514 contumelia
592 441 821 540 suscepisset,
852 437 1033 513 tulissem:
1069 442 1158 542 sed,

159 587 267 671 qurum
290 593 348 640 me
372 558 629 667 disputantem,
665 591 738 638 non
762 564 1015 666 lacessentem,
1038 564 1157 640 laesis-

79 784 83 789 ,
157 709 227 794 set,
252 694 382 791 exarsi,
406 717 478 764 non
504 691 616 764 solum
641 691 825 790 praesenti,
868 689 997 790 oredo,
1022 691 1158 765 uacuu-

158 821 215 893 dia
241 829 346 908 (uam
370 844 411 890 ea
436 832 508 889 tam
534 816 720 890 vehemens
745 815 891 888 fortasse
908 841 983 889 non
999 816 1158 918 luisset),

158 944 243 1044 sed,
275 971 382 1045 quum
412 940 583 1015 inclusum
607 941 692 1013 illud
718 940 840 1014 odium
864 941 1058 1016 multarum
1084 944 1157 1016 eius

152 1073 195 1143 iu
219 1096 275 1143 me
300 1070 523 1167 iniuriarum,
554 1066 650 1169 quod
682 1094 748 1165 ego
779 1067 941 1140 effudisse
964 1079 1024 1140 nie
1050 1094 1156 1141 omne

141 1231 144 1237 ·
159 1176 365 1293 arbitrabar,
381 1192 557 1266 residuum
574 1207 690 1264 tamen
707 1193 880 1265 insciente
897 1218 954 1265 me
970 1191 1093 1267 firisset
1103 1196 1158 1291 ¹⁰⁸,

159 1346 263 1394 omne
286 1333 430 1418 repente
455 1318 625 1417 apparuit.
652 1319 733 1409 Quo
759 1317 902 1418 quidem
926 1331 1090 1418 tempore
1106 1320 1156 1419 ip·

159 1470 215 1543 so,
241 1443 381 1544 quidam
406 1442 582 1541 homines,
606 1455 641 1515 et
665 1441 771 1514 iidem
792 1441 843 1514 illi
862 1457 910 1510 ¹⁰9
935 1468 1026 1544 quos
1052 1469 1156 1543 saepe

158 1583 246 1641 uutu
271 1569 589 1668 significatioueque
611 1565 767 1667 appello,
783 1593 892 1668 quum
909 1593 946 1640 se
962 1568 1156 1643 maximum

159 1693 309 1766 fructum
335 1694 467 1793 cepisse
492 1691 647 1766 dicerent
671 1718 714 1765 ex
729 1691 891 1766 libertate
915 1719 1014 1794 mea,
1028 1720 1156 1797 meque

63 1818 64 1822 ’
159 1833 235 1891 tum
260 1817 409 1918 denique
434 1816 500 1890 sibi
527 1844 602 1892 esse
627 1819 741 1891 visum
766 1819 816 1891 rei
839 1818 1020 1920 publicae,
1045 1822 1156 1922 qualis

158 1943 316 2043 fuissem,
339 1944 554 2044 restitutum,
586 1969 763 2045 quumque
791 1969 832 2016 ea
861 1946 1043 2019 eontentio
1070 1946 1156 2020 mihi

158 2094 323 2167 maguum
348 2068 454 2141 etiam
478 2067 559 2141 foris
579 2084 624 2120 ¹¹⁰
650 2068 802 2141 fructum
826 2067 979 2142 tulisset:
1005 2071 1155 2168 gaudere

159 2219 197 2267 se
223 2192 407 2293 dicebaut,
430 2193 519 2266 mihi
542 2207 580 2267 et
603 2193 701 2267 illum
726 2193 925 2293 inimicum,
940 2209 977 2268 et
1002 2221 1082 2296 eos,
1099 2197 1155 2299 qui

156 2317 194 2390 iu
219 2319 342 2392 eadem
366 2346 470 2393 eausa
496 2331 627 2418 esseut,
643 2344 836 2420 numquam
852 2320 985 2395 amicos
1010 2321 1153 2396 futuros.

159 2445 319 2536 Quorum
351 2445 460 2545 iniqui
496 2470 672 2518 sermones
705 2473 813 2545 quum
844 2444 891 2519 ad
918 2472 975 2520 me
1001 2461 1076 2548 per'
1092 2449 1154 2530 ho-

158 2570 268 2642 mines
293 2569 554 2644 honestissimos
579 2571 829 2670 perferrentur,
854 2600 1033 2675 quumque
1052 2577 1154 2649 Pom·

158 2694 260 2792 peius
291 2696 340 2767 ita
365 2696 623 2796 contendisset,
654 2711 694 2771 ut
718 2697 808 2770 nihil
832 2701 1002 2801 umquam
1026 2704 1155 2801 magis,

158 2830 200 2890 ut
231 2845 310 2893 cum
343 2823 467 2895 Crasso
501 2822 650 2897 redirem
683 2824 721 2895 in
759 2826 926 2924 gratiam,
958 2828 1155 2930 Caesarque

143 2944 222 3043 ‘per
245 2944 360 3020 literas
385 2950 534 3022 maxima
558 2975 595 3022 se
611 2949 771 3024 molestia
788 2975 831 3023 ex
848 2951 908 3024 illa
924 2957 1154 3029 contentione

158 3068 319 3143 affectum
344 3073 559 3149 ostenderet:
584 3074 691 3149 habui
715 3102 789 3150 non
815 3061 1017 3178 temporum
1042 3081 1155 3156 solum

156 3196 329 3269 rationem
354 3224 533 3298 meorum,
564 3200 628 3274 sed
659 3203 764 3275 etiam
786 3191 1029 3305 'naturaeu13
1056 3208 1156 3280 Cras·

157 3346 305 3422 susque,
342 3337 382 3395 ut
419 3326 517 3426 quasi
550 3340 676 3400 testata
708 3327 844 3428 populo
878 3330 1042 3405 Romano
1068 3346 1155 3406 esset

156 3460 276 3518 nostra
301 3450 426 3549 gratia,
442 3477 555 3550 paene
577 3478 597 3524 a
620 3453 707 3526 meis
731 3452 863 3527 laribus
880 3454 918 3528 in
935 3456 1155 3561 propinciam

155 3583 209 3642 est
233 3574 417 3670 profectus.
443 3576 534 3651 Nam
559 3604 667 3679 quum
691 3578 778 3652 mihi
804 3579 1035 3682 condixisset,
1057 3609 1154 3657 oena-

156 3697 208 3766 vit
238 3698 335 3797 apud
367 3728 423 3775 me
456 3705 494 3776 iu
529 3705 598 3776 mei
632 3708 749 3804 generi
780 3708 997 3809 Crassipedis
1036 3709 1151 3784 hortis.

155 3819 392 3911 Quamobrem
429 3829 501 3902 eius
541 3857 697 3931 oausam,
723 3833 843 3936 (quod
872 3848 908 3909 te
942 3836 1066 3910 scribis
1090 3860 1147 3909 au-
