2632 4852
530 341 566 388 ns
592 337 780 389 crssroms
1080 319 1152 421 359

153 445 174 506 8
195 438 305 504 Ambb.
327 442 461 523 quinque
482 461 550 500 cum
571 440 721 500 Lambino
743 452 772 501 et
792 441 837 500 erl.
859 441 914 501 Ro.
936 464 994 503 uon
1015 445 1102 526 quod.

152 547 438 634 9Provocabulum
460 569 496 606 nc
515 569 576 607 non
597 550 732 628 agnoscit
753 546 838 607 nmb.
861 559 966 608 sextus.

158 679 192 717 ιο
213 655 333 716 Scilicet
352 676 398 715 an.
424 677 488 736 sup.
515 657 707 715 comitiorum
735 655 937 715 consularium
966 656 1072 716 diebus
1097 680 1152 740 per

194 763 437 824 obnuntiationes
472 760 616 833 sublatis,
649 761 709 821 hoc
742 772 842 822 autem
874 783 921 823 an.
954 764 1152 845 interregibus

194 869 233 930 ad
264 890 359 929 xxxvs
389 888 516 928 numero
546 868 688 949 proditis,
719 867 846 927 tribunis
873 869 913 949 pl.
943 870 980 946 Q.
1005 868 1152 952 Pompeio

193 975 276 1036 Rufo
304 985 335 1035 et
366 974 398 1034 C.
432 976 564 1034 Lucceio
594 975 686 1034 llirro
718 976 905 1055 rogationem
931 973 968 1034 dc
995 974 1153 1036 Dictatore

196 1084 250 1142 Cn.
281 1083 431 1163 Pompeio
463 1080 575 1162 Magno
606 1080 765 1141 deferenda
797 1079 1068 1162 promulgantibus.
1104 1081 1153 1142 Sic

195 1210 264 1250 cum
286 1187 474 1249 Gotholredo
499 1198 529 1248 et
555 1186 695 1248 Schittzio
726 1188 901 1263 maluimus3
929 1188 1021 1268 vulgo
1048 1185 1152 1249 debili-

194 1309 257 1357 tam
277 1299 336 1356 inm
353 1315 447 1377 prope
468 1307 496 1354 et
514 1295 667 1355 omstincta.

158 1424 187 1463 ιι
215 1404 265 1463 Sic
286 1403 384 1463 editur
404 1422 484 1461 nunc
504 1401 595 1481 vulgo
617 1417 678 1461 non'
698 1403 760 1461 sine
781 1400 878 1477 libris3
901 1403 973 1462 olim
989 1405 1104 1484 pariter
1117 1424 1152 1466 ex

193 1509 280 1570 libris
301 1511 367 1569 cive.

157 1637 191 1676 ια
213 1614 317 1679 Verba
339 1636 377 1676 ae
399 1614 520 1698 perditis
545 1615 672 1675 moribus
697 1612 807 1674 absunt
836 1613 875 1673 ab
903 1635 964 1675 uno
993 1616 1153 1696 quintode-

193 1726 281 1783 cimo.
303 1721 376 1782 Cod.
398 1721 583 1781 Scaelsianus
605 1719 780 1801 deperditis
801 1721 947 1782 bominum
967 1723 1103 1781 moribus.

157 1832 191 1888 13
214 1831 299 1907 Quas
325 1831 487 1888 amisimus.
508 1826 565 1911 Ep.
594 1829 724 1901 CXXV,
746 1849 776 1887 2:
804 1827 888 1910 Quae
913 1829 1065 1911 proposita
1080 1827 1155 1910 fue-

146 1924 150 1933 ’
192 1949 262 1995 rant
287 1937 370 1995 nobis
395 1956 485 2018 qsssmz
511 1947 541 1995 ct
565 1936 721 1996 honoribus
745 1936 929 2016 amplissimis
953 1947 982 1994 et
1008 1936 1155 1994 laboribus

193 2044 333 2103 maximis
348 2041 497 2126 pdrfurtcti
513 2063 654 2115 assamur,
679 2041 804 2121 diguitis
830 2043 860 2101 iu
885 2042 1029 2101 sententiis
1056 2040 1155 2100 diceu-

189 2149 251 2221 dis,
272 2150 388 2208 libertas
408 2152 438 2210 irs
458 2171 489 2210 re
499 2172 529 2231 p.
544 2147 742 2230 capessenda,
761 2169 798 2208 ea
817 2148 934 2208 sublato
956 2159 1024 2208 toto.
1038 2147 1153 2207 Manut.

575 2390 740 2452 CLXXVI.

156 2600 166 2641 ι
196 2580 230 2640 ln
251 2581 360 2641 nostris
381 2580 498 2661 aliquot
518 2581 552 2639 P.
574 2580 676 2651 Sistio,
696 2582 726 2638 in
748 2577 843 2640 altero
866 2579 899 2640 P.
921 2577 1032 2650 Sestio,
1053 2588 1088 2639 ut
1102 2577 1154 2640 Vi-

196 2690 309 2749 ctorius
330 2688 441 2769 aliique
463 2686 612 2760 scribunt,
639 2686 722 2769 quod
750 2687 903 2747 Manutius
931 2705 1053 2770 quoque
1081 2706 1155 2768 pro·

194 2795 266 2867 bat,
285 2816 324 2855 ne
350 2791 400 2854 hie
426 2795 542 2855 Sextius
570 2816 638 2854 cum
669 2796 705 2854 P.
727 2794 830 2856 Sextio
857 2794 1073 2864 confundatur,
1099 2812 1156 2874 pro

196 2922 259 2983 quo
279 2911 373 2962 exstat
393 2903 500 2963 oratio.

153 3030 171 3067 2
195 3010 330 3092 Tempus
351 3008 444 3069 exsilii
465 3010 511 3068 sui
531 3019 625 3068 notat.
648 3007 766 3068 Sclsiits.
788 3008 977 3089 Frequenter
990 3005 1090 3065 autem
1107 3026 1158 3066 ex·

196 3115 297 3176 silium
318 3136 404 3175 suum
427 3117 547 3175 ruinam
568 3117 610 3174 rei
631 3135 661 3196 p.
682 3114 773 3174 fnisse
794 3114 874 3176 dicit.

155 3222 172 3282 3
197 3221 389 3302 significatur
409 3221 443 3282 P.
458 3221 549 3282 Sextii
564 3221 784 3293 condemnatio,
802 3242 862 3303 qun
877 3222 907 3280 in
922 3219 1058 3281 exsilium
1072 3214 1155 3278 abire

196 3338 317 3388 coactus
339 3340 389 3389 est.
412 3328 533 3387 Scbiitz.

153 3435 176 3511 4
197 3434 255 3494 Ed.
277 3434 355 3494 Med.
377 3456 443 3494 cum
463 3435 493 3495 in
514 3436 629 3495 crimen.

154 3539 175 3601 5
196 3543 340 3622 lgnorare
361 3541 518 3603 historiam
539 3553 712 3625 temporum
741 3542 863 3602 illorum
885 3552 915 3602 et
938 3543 1071 3601 criminis
1092 3543 1157 3622 ipse
1208 3573 1211 3582 ·

195 3647 349 3708 Manutius
370 3651 412 3708 rei
433 3649 588 3710 Romanae
608 3651 805 3732 peritissimus
826 3650 944 3711 fatetur.

153 3753 175 3814 6
197 3753 230 3813 C.
252 3755 415 3815 Antonium
437 3755 604 3830 Corradus,
625 3757 786 3830 Milonem,
808 3762 859 3839 qui
881 3755 920 3816 ad
940 3755 1090 3838 populum
1111 3776 1159 3814 ac-

197 3871 318 3922 cusatus
331 3861 388 3922 luit
402 3883 420 3921 a
433 3861 467 3922 Ρ.
483 3862 590 3923 Clodio
613 3864 676 3944 (ep.
691 3865 810 3936 XCIX,
832 3864 883 3944 3),
905 3864 1057 3924 Manutius
1072 3861 1159 3922 intel·
