2632 4852
40 373 41 380 κ
167 333 232 401 182
508 348 677 399 sorssors
702 350 793 397 mvi.
937 347 968 397 Α.
985 352 1020 399 v.
1039 353 1068 400 c.
1085 353 1205 410 saud

159 454 205 526 lia
226 455 254 503 ¹⁵
280 453 418 524 nitatur.
444 451 581 542 Quibus
606 453 724 523 sinon
742 449 907 550 valuerit,
931 464 1061 551 putant
1086 456 1160 528 fore

161 581 327 681 aliquem,
352 578 411 678 qui
437 577 575 650 comitia
600 577 638 649 in
655 574 847 650 adventum
865 578 896 628 ¹⁶
921 577 1081 654 Caesaris
1099 581 1161 654 de·

160 705 293 803 tmdat‚
318 704 453 777 Catone
479 703 683 802 praesertim
708 701 879 777 absoluto.
1082 699 1083 702 '

209 831 231 902 3
256 829 312 902 Ab
339 829 472 919 Quinto
505 827 609 902 fratre
628 845 656 894 ¹⁷
684 841 764 900 eta
797 829 945 904 Caesare
977 833 1100 931 accepi
1129 860 1160 904 a.

160 955 193 1028 d.
219 955 332 1028 VIIII.
358 953 436 1026 Kal.
461 953 632 1027 Novemb.
656 953 774 1026 literas
800 955 998 1047 (conlecta
1019 957 1160 1030 Britan-

158 1082 235 1178 nia,
260 1080 443 1153 obsidibus
477 1081 646 1183 acceptis,
677 1079 772 1152 nulla
804 1081 953 1182 praeda7
984 1083 1158 1184 imperata

158 1221 278 1282 tamen
302 1207 467 1306 pecunia)
494 1206 592 1279 datas
610 1232 630 1278 a
647 1205 825 1279 littoribus
841 1208 1061 1309 Britanniae,
1078 1235 1162 1311 pro-

158 1335 254 1406 ximo
274 1335 303 1382 ¹⁸
330 1359 358 1404 a.
385 1331 417 1404 d.
443 1333 496 1405 VI
518 1330 668 1405 Kalend.
695 1331 820 1405 Octob.
846 1334 1050 1408 Exercitum
1080 1337 1159 1409 Bri-

159 1460 278 1534 tannia
291 1475 322 1524 19
338 1457 572 1557 reportabant.
590 1459 633 1551 Q.
646 1457 759 1532 Pilius
773 1472 802 1507 ²⁰
820 1473 896 1533 erat
911 1460 983 1533 iam
1000 1460 1048 1534 ad
1069 1462 1157 1535 Cae·

159 1611 272 1661 sarem
297 1583 483 1683 profectus.

208 1712 232 1804 4
258 1711 330 1808 Tu,
355 1711 384 1782 si
410 1722 471 1781 aut
496 1735 594 1783 amor
618 1711 656 1782 in
681 1723 716 1783 te
740 1724 795 1784 est
818 1696 1049 1785 austrinae
1079 1727 1157 1786 tuo-

158 1861 254 1934 rum,
280 1847 340 1907 aut
371 1834 442 1907 ulla
474 1837 603 1909 veritas
620 1852 662 1937 ²²,
687 1851 748 1909 aut
772 1837 801 1911 si
830 1838 937 1910 etiam
968 1840 1086 1939 sapis,
1119 1865 1159 1911 ac

158 1959 225 2034 liui
238 1961 319 2032 ‘tuis
351 1961 545 2034 commodis
575 1963 725 2062 cop'tas',
757 1962 947 2036 aduentare
978 1977 1017 2036 et
1047 1989 1159 2064 prope

158 2085 279 2163 adesse
304 2088 376 2162 iam
406 2086 521 2159 debes.
554 2087 635 2161 Non
668 2087 864 2164 mehercule
893 2112 1008 2192 aequo
1038 2076 1155 2162 animo

158 2226 193 2287 te
218 2239 329 2288 careo.
355 2211 407 2286 Te
432 2227 550 2287 autem
576 2213 662 2320 quid
685 2215 830 2318 mirum,
854 2217 916 2317 qui
946 2212 1156 2317 Dionysium

158 2351 340 2440 tantopere
359 2339 573 2416 desiderem?
598 2366 704 2442 quem
720 2340 864 2442 quidem
878 2341 941 2419 abs
967 2355 1004 2418 te
1010 2397 1022 2443 ,
1049 2367 1156 2446 quum

160 2461 234 2536 dies
252 2468 403 2564 venerit,
421 2480 457 2539 et
473 2492 539 2564 ego
565 2481 601 2541 et
625 2467 750 2543 Cicero
767 2492 864 2544 meus
880 2465 1064 2566 flagitabit.
1087 2467 1155 2544 Aba

157 2603 193 2661 te
218 2591 394 2689 proximas
419 2591 536 2666 literas
561 2592 735 2667 habebam
760 2593 904 2694 Epheso
931 2621 960 2668 a.
988 2594 1020 2668 d.
1047 2596 1092 2668 V.
1116 2595 1154 2668 ld

159 2715 304 2788 Sextiles
330 2716 437 2793 datas.

578 2859 717 2933 CLVII.
884 2901 943 2960 (aa
956 2901 1009 2950 Αιι.
1025 2902 1072 2963 iv,
1090 2905 1131 2959 u)

155 3031 374 3112 Argumentum.
399 3056 409 3094 1
433 3036 481 3095 De
500 3036 658 3100 consulum
685 3058 754 3099 cum
779 3037 953 3103 consulatue
979 3042 1150 3124 competito-

195 3137 279 3200 ribus
299 3144 452 3222 pectione3
473 3162 491 3201 α
511 3141 550 3203 de
570 3164 625 3207 sua
645 3164 715 3205 cum
736 3145 862 3208 Caesare
881 3147 1107 3220 coniunctione,
1124 3154 1150 3204 et

193 3243 233 3305 de
252 3245 391 3329 Pompeii
411 3247 560 3329 legatione
579 3248 729 3314 obeunda.
825 3257 829 3267 '

175 3396 178 3401 ’
222 3403 275 3456 Ser.
293 3405 387 3458 homae
405 3407 436 3459 A.
454 3406 488 3460 V.
506 3406 534 3460 C.
553 3408 694 3476 nexunt,
713 3427 798 3463 mense
815 3411 882 3466 Nur.
899 3421 1004 3482 praeter
1022 3415 1041 3480 ς
1062 3430 1102 3503 ¹⁶.

469 3557 612 3625 CICERO
636 3560 787 3628 ATTICO
813 3562 843 3626 S.

210 3747 221 3792 1
251 3721 343 3795 Puto
372 3737 405 3796 te
428 3726 625 3801 ⁴existimare
640 3743 663 3829 ¹,
680 3756 753 3828 me,
777 3754 872 3802 nunc
900 3729 1053 3804 oblitum
1070 3752 1141 3803 oon-

155 3846 346 3962 suetudiuis
371 3865 407 3924 et
431 3853 580 3928 instituti
605 3857 689 3955 mei,
714 3857 822 3932 rarius
848 3856 896 3932 ad
921 3872 959 3931 te
979 3856 1139 3955 scribere,
