2632 4852
716 155 729 184 b
796 196 798 203 ι

174 313 239 385 152
537 332 706 380 eersrom
732 333 780 379 cn.
942 331 971 379 Α.
991 333 1024 379 v.
1043 335 1071 378 c.
1089 333 1138 382 aas

167 435 427 512 confirmandae
452 433 631 507 clarissimi
663 461 702 506 ac
727 432 958 508 liberalissimi
983 434 1071 532 viri,
1101 459 1161 505 ne-

168 589 235 664 que
267 561 435 634 uberioris
472 560 702 658 provinciae,
739 584 852 661 neque
890 558 1012 631 aetatis
1050 560 1159 657 magis

166 686 333 761 idoneum
358 699 517 785 tempus,
549 685 578 757 si
608 684 677 757 boc
709 684 863 756 amiseris
883 699 924 783 ¹²,
949 697 983 755 te
1009 710 1085 756 esse
1110 683 1161 755 ul·

165 813 238 886 lum
266 837 433 913 umquam
464 823 689 909 reperturum.
729 810 829 907 Hoc,
861 807 1175 911 quemadmodum·

165 964 229 1019 ros
255 936 403 1011 scribere
428 936 547 1009 soletis
571 936 608 1006 in
631 936 754 1009 vestris
770 934 885 1035 libris,
903 932 998 1007 idem
1016 937 1060 1028 Q.
1080 936 1161 1009 Cor·

165 1062 257 1136 nelio
283 1061 474 1134 videbatur.
500 1062 543 1132 In
566 1060 783 1133 Britanniam
808 1074 842 1132 te
867 1058 1066 1159 profectum
1087 1085 1159 1133 non

166 1215 240 1261 esse
266 1187 417 1286 gaudeo,
451 1185 547 1287 quod
579 1201 615 1258 et
638 1184 757 1258 labore
783 1186 941 1285 caruisti,
974 1199 1010 1257 et
1035 1211 1102 1284 ego
1126 1199 1159 1258 te

167 1313 338 1386 derebus
364 1312 430 1385 illis
455 1337 528 1385 nou
553 1310 700 1385 audiam.
726 1311 798 1385 Vbi
824 1312 870 1383 sis
899 1310 1158 1411 hibernaturus,

166 1452 202 1511 et
234 1465 302 1538 qua
327 1464 411 1537 spe,
448 1451 508 1509 aut
541 1435 763 1535 conditione,
800 1436 993 1536 perscribas
1026 1436 1073 1510 ad
1104 1462 1157 1509 me

167 1561 279 1638 velim.

622 1750 708 1822 CLI.
792 1754 794 1758 ’
867 1793 920 1848 (ιι
935 1792 965 1848 Q.
981 1791 1031 1837 rat.
1046 1790 1094 1850 ιιι,
1108 1791 1141 1844 2>

165 1922 386 2002 Argrwrentum.
412 1945 422 1982 ι
447 1921 609 1984 Gabinium
630 1926 661 1983 in
694 1933 797 1984 senatu
818 1935 954 1985 vexatum
976 1947 994 1986 a
1014 1926 1156 1986 Memmio

203 2028 242 2088 ad
262 2029 409 2111 populum
430 2032 561 2110 graviter
581 2040 766 2101 accusatum,
787 2032 909 2112 eiusque
922 2031 1067 2092 iudicium
1089 2054 1155 2114 pro-

203 2136 283 2195 xime
303 2135 439 2197 futurum
459 2147 570 2196 narrat.
604 2156 622 2194 2
652 2136 769 2196 Deinde
792 2137 996 2218 quiambitus
1017 2141 1062 2198 rei
1083 2143 1155 2227 sirit,

204 2243 275 2302 item
296 2241 334 2301 de
358 2244 486 2302 comitiis
506 2241 731 2314 consularibus,
750 2242 788 2302 de
808 2245 898 2326 Appii
919 2245 951 2304 in
971 2243 1108 2307 Ciliciam
1126 2247 1155 2304 in

205 2350 388 2410 successione
407 2349 506 2410 refert.

311 2553 364 2603 Ser.
384 2553 479 2607 Romae
497 2555 528 2608 A.
547 2553 580 2607 V.
598 2555 626 2607 C.
647 2555 790 2623 nexem,
808 2556 833 2607 V
851 2556 888 2607 ld.
908 2556 1016 2609 Octobr.

439 2752 597 2816 ornncvs
623 2755 660 2832 Q.
686 2752 827 2818 ιιιιιιι
852 2757 881 2817 s

161 2966 164 2975 ·
217 2965 229 3009 1
260 2939 299 3010 A.
327 2938 360 3011 ι.
385 2940 438 3012 vr
463 2941 514 3012 ιι.
541 2939 667 3013 octos.
694 2941 827 3015 salvius
844 2925 996 3014 'oseam'
1022 2945 1153 3044 vesperi

161 3064 244 3137 navi
268 3064 444 3163 profectus
470 3082 543 3139 erat
568 3068 707 3139 cum‘iis
724 3067 845 3167 rebus,
863 3095 947 3170 quas
964 3069 1031 3142 tibi
1051 3071 1152 3145 domo

161 3188 253 3260 mitti
279 3189 448 3264 volueras.
473 3190 611 3264 Eodem
636 3193 693 3265 die
717 3194 906 3268 Gabinium
923 3194 969 3268 ad
986 3197 1153 3298 populum

159 3311 335 3388 luculente
361 3316 561 3390 calefecerat
580 3335 591 3367 ¹
619 3321 827 3421 Memmius,
851 3322 900 3393 sic
912 3377 924 3420 7
954 3336 996 3394 ut
1019 3322 1152 3396 Calidio

123 3426 125 3433 ’
155 3439 304 3514 λιἐιὶιιιιιι
330 3442 441 3516 facere
465 3469 532 3543 pro
558 3471 599 3517 eo
625 3471 698 3518 non
724 3446 867 3520 licuerit
897 3448 1074 3522 Postridie
1098 3475 1152 3521 au-

154 3574 230 3645 tem
255 3567 328 3638 eius
354 3567 439 3666 diei,
464 3572 523 3670 qui
549 3584 622 3643 erat
647 3586 723 3644 tum
750 3573 901 3672 futurus,
935 3600 1046 3675 quum
1070 3575 1151 3647 haec

156 3687 351 3765 scribebam
376 3708 457 3767 ante
481 3694 616 3797 lucem,
649 3698 744 3799 apud
770 3702 977 3775 Catonem²
1003 3716 1079 3774 erat
1103 3700 1149 3772 di·

153 3813 289 3890 vinatio
314 3821 349 3891 iu
377 3822 563 3898 Gabinium
597 3825 711 3901 flatura
743 3828 833 3904 inter
858 3829 1081 3927 Memmium,
1111 3839 1142 3897 et
