2632 4852
162 319 232 390 230
485 336 655 384 errsrocu
684 335 824 383 ctxxnr.
935 334 966 380 Λ.
984 338 1017 383 ι’.
1036 338 1065 383 c.
1085 351 1130 398 ,ιι

158 456 194 512 te
218 465 313 513 meas
338 437 502 539 epistolas
528 435 658 535 delere,
674 450 715 508 ut
731 460 879 536 reponas
897 447 984 508 tuas.
1010 437 1069 508 Αιι
1086 437 1154 511 hoc

159 556 347 666 significas,
371 563 457 637 nihil
482 563 576 636 fieril
595 565 624 614 ¹³
650 562 771 660 fiigere
798 560 854 635 tel
869 559 898 626 ¹4
923 586 969 633 nc
996 560 1156 635 chartam,

159 692 301 795 quidem
325 690 389 763 tibi
414 689 658 791 suppeditare?
683 691 759 761 Iam
784 689 850 761 ista
876 702 936 761 tua
963 687 1070 789 culpa
1088 705 1157 788 est,

159 818 220 919 qui
243 813 490 888 verecundiam
508 816 538 866 ¹⁵
563 827 679 886 tecum
712 811 895 910 extuleris,
932 827 969 886 et
1001 839 1076 887 uon
1101 815 1156 886 lric

158 940 342 1014 nobiscum
367 940 555 1042 reliqueris.

208 1067 230 1138 3
256 1068 334 1163 Ego
360 1079 395 1137 te
418 1063 553 1164 Balbo,
585 1088 693 1164 quum
725 1062 772 1136 ad
803 1086 868 1137 vos
893 1063 1157 1164 proficiscetur,

157 1215 256 1264 more
288 1192 447 1263 Romano
480 1186 745 1262 commendabo.
779 1187 853 1285 Tu,
880 1188 910 1261 si
933 1187 1157 1262 intervallum

157 1314 293 1412 longius
319 1315 384 1388 erit
407 1338 563 1387 mearum
586 1313 785 1414 literarum,
809 1338 855 1386 ue
879 1313 928 1387 sis
953 1312 1155 1387 admiratus.

158 1442 267 1512 Eram
303 1439 397 1513 enim
434 1439 589 1514 afuturus
624 1464 744 1512 mense
783 1436 904 1540 Aprili.
939 1438 1015 1512 Has
1039 1437 1159 1531 literas

158 1564 281 1662 scripsi
312 1565 350 1637 iu
386 1563 601 1663 Pomptino,
639 1589 746 1664 quum
780 1561 828 1636 ad
858 1561 977 1638 villam
1015 1563 1158 1636 Metrilii

158 1687 373 1761 Philemonis
392 1692 421 1740 ¹⁶
447 1687 695 1763 devertissem:
722 1712 765 1760 ex
790 1713 858 1788 qua
881 1687 952 1760 iam
979 1687 1156 1760 audieram

157 1813 333 1886 fremitum
357 1813 537 1887 clientium
555 1830 584 1880 ¹⁷
609 1838 790 1912 meorum,
822 1838 910 1914 quos
943 1812 1089 1914 quidem
1118 1826 1156 1885 tu

90 1978 96 1987 1
157 1937 244 2012 mihi
268 1938 469 2012 conciliasti.
486 1939 579 2013 Nam
594 1937 739 2013 Vlubris
755 1937 900 2012 honoris
916 1938 986 2011 mei
1000 1939 1034 1990 ¹⁸
1054 1963 1155 2012 causa

157 2064 231 2136 vim
254 2064 443 2137 maximam
466 2063 738 2141 ranunculorum
755 2079 787 2130 ¹9
802 2089 840 2137 se
861 2088 1059 2137 commosse
1076 2089 1154 2137 ccu-

157 2187 281 2261 stabat
307 2190 399 2264 Cura
423 2204 463 2261 ut
487 2189 613 2263 valeas.
635 2190 688 2262 VI
713 2189 796 2262 Idus
820 2188 957 2289 Apriles
983 2187 1030 2262 de
1055 2190 1156 2263 Pom·

157 2313 233 2387 tino
251 2329 293 2384 ²⁰.
1062 2402 1065 2407 ,

205 2438 452 2537 dEpistolam
477 2452 575 2512 tuam
590 2453 633 2537 ²¹,
666 2463 772 2539 quam
804 2439 926 2539 accepi
954 2436 999 2511 ab
1025 2441 1067 2512 L.
1091 2440 1155 2512 Ar·

156 2563 290 2660 rustic,
315 2565 471 2636 conscidi
495 2565 720 2637 innocentem
736 2580 777 2634 ²².
806 2563 902 2638 Nihil
929 2565 1027 2636 enim
1053 2562 1156 2636 habe-

155 2684 235 2784 bat,
261 2689 357 2787 quod
380 2715 453 2763 non
478 2691 535 2765 vel
559 2692 597 2762 in
622 2691 793 2763 concione
818 2691 956 2763 recte²³
980 2688 1052 2787 legi
1076 2715 1157 2790 pos·

156 2825 217 2883 set.
244 2811 314 2884 Sed
339 2827 375 2886 et
398 2816 583 2888 Arruntius
609 2817 658 2887 ita
683 2827 719 2887 te
743 2813 928 2888 mandasse
962 2813 1098 2915 aiebat,
1121 2829 1154 2887 et

155 2950 194 3008 tu
221 2938 463 3041 adscripseras.
479 2942 614 3015 Verum
638 2939 725 3014 illud
750 2956 834 3014 esto.
859 2939 955 3014 Nihil
981 2954 1017 3013 te
1037 2940 1153 3015 adme

155 3078 279 3162 postea
299 3066 330 3131 24
355 3069 531 3168 scripsisse
553 3051 731 3166 demiror,
762 3068 969 3166 praesertim
993 3081 1069 3141 tam
1092 3092 1152 3140 no-

157 3189 210 3261 vis
236 3189 347 3262 rebus.

561 3336 761 3408 CLXXIV.
913 3376 1035 3436 (naon.
1048 3377 1085 3438 ιι,
1098 3378 1131 3435 4)

156 3504 374 3584 Argumentum.
408 3510 533 3570 Diversa
564 3512 667 3573 scribit
697 3512 893 3597 epistolarum
928 3533 1042 3594 genera
1074 3534 1151 3585 csse,

195 3633 327 3693 quorum
346 3614 406 3676 hoc
425 3627 561 3700 tempore
581 3619 700 3680 nullum
721 3620 777 3681 sibi
799 3619 838 3681 ad
858 3619 1025 3682 Curionem
1048 3641 1150 3682 conve·

193 3720 265 3778 uiat.
286 3719 365 3781 Nihil
385 3723 487 3805 itaque
507 3745 680 3807 superesse,
702 3748 794 3809 quam
813 3738 849 3790 ut
868 3748 939 3790 eum
960 3728 1001 3790 ad
1023 3728 1148 3792 studium

194 3841 328 3888 summac
348 3828 444 3892 laudis
465 3830 647 3896 cohortetur.
