2632 4852
432 367 468 412 m
495 364 686 414 nrrsronss
987 345 1059 450 319

58 477 62 484 '
97 473 213 534 terent,
234 483 328 545 quum
350 451 550 546 intelligerent
570 465 724 539 futurum,
744 477 778 527 nt
798 468 884 528 imita
904 480 980 532 esset
1003 471 1057 534 de·

98 571 241 651 signatio,
262 571 286 631 si
306 568 438 633 damnati
459 573 550 633 tacito
571 571 684 633 iudicio
705 583 811 635 assent.

61 674 99 736 25
122 674 280 749 Omnibus,
299 687 421 747 auctore
439 677 595 750 Ernestio‚
608 677 697 740 delet.
718 677 837 741 sunu.
859 679 1058 764 Coniungitur

96 793 200 844 tomen
219 792 300 843 recte
319 803 389 843 oum
410 785 545 846 consiliis.

59 887 98 948 26
120 889 186 949 Hoc
206 897 266 960 est,
293 887 427 968 Opimius
450 889 606 953 Veientum
626 889 761 972 (tribu),
785 890 972 955 iinmerrtiuu
992 896 1058 956 Aa·

97 995 161 1055 risu.
182 993 297 1055 Rosius.
315 993 426 1056 Merito
439 993 608 1078 probarunt
621 996 730 1059 eruditi
744 999 802 1060 viri
815 998 1057 1065 emendationem
1134 1084 1136 1088 Ι

96 1102 191 1176 Bosii3
212 1100 264 1162 sed
283 1101 510 1183 explicationem
524 1123 586 1163 non
599 1102 890 1187 possum-probare,
907 1125 1006 1188 quum
1021 1127 1058 1170 ex

99 1207 217 1288 Opinio
238 1217 268 1268 et
280 1209 371 1269 Antio
390 1208 467 1270 duos
487 1208 625 1271 homines
646 1209 724 1272 facit
746 1209 778 1271 Si
795 1210 860 1277 duo
874 1210 985 1273 diversi
998 1211 1056 1273 ho·
1155 1279 1160 1294 ⁸

96 1317 192 1374 mines
206 1313 347 1386 fuissent,
361 1314 525 1376 secundum
540 1315 709 1380 Romanam
723 1317 970 1379 oonsuemdinem
985 1321 1058 1380 scri·

95 1423 204 1502 psisset
232 1421 338 1483 Cicero
367 1420 500 1504 Opimius
523 1423 626 1497 Veis„
653 1434 682 1483 et
710 1423 817 1484 Autiu
846 1422 914 1485 Tro.
933 1425 1056 1486 Nullum

96 1525 226 1590 dubium
248 1528 407 1610 Opimium
430 1529 552 1591 Antium
573 1528 702 1590 eundem
723 1549 786 1590 esse
806 1527 984 1602 hominem,
1004 1532 1057 1612 qui

98 1633 175 1694 duas
207 1632 304 1695 trihus
331 1633 489 1709 habuerit,
515 1635 640 1696 alteram
669 1637 838 1708 nativitate,
859 1635 985 1698 alteram
1006 1637 1058 1696 ad·
1104 1664 1108 1671 ¹

97 1742 230 1822 optione.
254 1739 359 1802 Groev.
373 1741 539 1802 Lambinus
556 1741 657 1802 Veien.
676 1741 841 1803 Terentium
855 1743 1000 1804 uibuurun
1014 1743 1058 1825 pt

56 1866 95 1926 ²7
118 1845 304 1930 Corruptum
326 1847 444 1908 rescidit
464 1852 505 1909 sic
525 1849 630 1910 Bosius
659 1849 816 1922 emendat,
836 1861 866 1911 et
889 1852 932 1911 sic
958 1849 1058 1911 editur

96 1973 180 2015 nunc
200 1955 232 2013 in
252 1954 369 2036 vulgus.
391 1956 546 2016 Manutius
567 1976 640 2016 vero
660 1967 691 2017 et
705 1955 810 2016 Lamb.
833 1956 890 2016 Res
911 1954 955 2016 od
972 1975 1056 2016 seuu-

99 2072 169 2120 tum.
190 2061 247 2122 Res
266 2060 345 2122 ocdr't
363 2072 409 2123 est
428 2082 475 2124 res
496 2061 594 2144 friget.

40 2155 99 2226 Ῠ28
121 2165 278 2229 Tribunus
299 2168 339 2250 pl.

55 2293 98 2355 29
119 2272 199 2333 illud
219 2274 364 2335 iudicium
386 2276 510 2336 tacitum
531 2275 638 2337 leviter
657 2274 697 2336 sd
716 2274 866 2359 populum
886 2273 1031 2336 tulissent.

56 2380 98 2440 30
120 2380 179 2440 Hic
198 2403 316 2442 summa
336 2381 395 2443 fuit
416 2394 588 2445 senatorum
609 2382 749 2456 stultitia,
769 2393 804 2442 ut
823 2380 985 2444 Abderitae
1009 2380 1057 2440 vi·

97 2486 255 2560 derentnr,
275 2487 313 2548 de
333 2510 464 2571 quorum
486 2500 609 2572 stupore
630 2500 721 2571 atque
742 2491 858 2550 insania
879 2487 965 2548 multi
986 2488 1058 2548 seri·

96 2605 236 2675 pserunt3
251 2606 280 2655 et
293 2595 372 2657 infra
385 2618 432 2679 ep.
445 2597 635 2659 CCXCVIII.
650 2597 720 2669 Est,
735 2597 847 2678 inquit,
859 2595 1060 2679 ἀβδηριτικόν,

97 2697 131 2758 id
149 2712 192 2760 est
210 2703 321 2764 ratione
341 2723 457 2776 careus,
477 2704 564 2786 qumi
572 2703 692 2786 fuctum
714 2700 931 2764 Abderitarum.
952 2689 1060 2759 Ma'nu-

97 2808 167 2867 tius.
192 2807 399 2870 Abderiticum
425 2810 482 2871 fuit
508 2811 688 2883 decernere,
713 2820 748 2871 ut
773 2809 810 2870 de
830 2811 922 2871 tacito
946 2806 1059 2867 iudicio

59 2955 62 2960 ·
96 2911 144 2975 lex
164 2926 232 2975 ante
252 2918 373 2978 comitia
395 2917 544 2990 ferretur,
564 2928 594 2979 et
615 2931 716 2979 tamen
737 2914 859 2978 comitia
872 2912 978 2974 haberi
992 2912 1058 2993 lege

96 3017 149 3079 illa
169 3041 231 3082 non
251 3021 321 3085 lata.

55 3127 91 3185 31
119 3125 186 3187 Hoc
206 3137 306 3189 totum
325 3131 367 3189 sic
385 3131 599 3213 interpretare:
622 3150 714 3212 qnam
728 3130 775 3191 len
786 3128 827 3190 de
840 3129 931 3188 tacito
947 3123 1060 3187 iudicio

95 3232 159 3292 luta
178 3244 262 3295 esset,
283 3235 315 3295 Si
337 3239 389 3318 qui
409 3239 635 3309 intercessisset,
655 3259 704 3298 res
724 3238 840 3317 integra
860 3233 900 3294 ad
921 3242 1058 3294 senatum

95 3337 267 3401 referretur.
287 3342 349 3403 Lex
362 3344 552 3426 coepissent
573 3345 693 3419 levitem
712 3345 907 3403 intercessum
922 3358 987 3398 vnon
1011 3339 1058 3396 in·

96 3447 166 3507 vitis
187 3448 368 3512 oonsulibus.
390 3451 449 3512 Res
471 3452 508 3512 ad
523 3462 659 3513 senatum
680 3449 777 3511 rediit.
794 3449 845 3509 De
858 3468 895 3507 ea
908 3466 942 3506 re
955 3447 997 3505 ita
1011 3463 1058 3504 se·

97 3561 218 3614 natores
238 3569 427 3618 censuerunt.
449 3560 529 3619 Tum
543 3558 709 3620 Lambinus
724 3556 802 3616 inira
817 3553 920 3614 baberi
935 3569 1060 3611 comere.

55 3660 95 3719 32
116 3658 176 3719 Alii
197 3660 270 3721 olim
281 3675 398 3743 putrem
410 3667 489 3737 eius,
509 3665 591 3747 quod
605 3675 650 3727 est
661 3661 843 3737 absurdum
864 3660 936 3741 quia
949 3655 1059 3717 Scauri

95 3775 183 3847 pater
204 3767 348 3832 Cicerone
368 3771 556 3834 adolescente
576 3773 749 3832 decesserat.
771 3770 876 3850 ltaque
903 3775 983 3827 recta
1010 3761 1057 3823 al·

94 3881 192 3934 terum
212 3874 370 3967 lectionem
387 3892 505 3962 partem
525 3880 656 3941 defendit
670 3878 840 3950 Manutius..
860 3875 914 3936 etsi
934 3871 1055 3932 hociu-

95 3977 240 4045 solentius
260 3983 373 4047 dictum
394 4007 451 4070 pro
469 3999 577 4070 partes.
600 3983 719 4047 schun.
767 3991 775 4002 '
