2632 4852
436 356 472 404 nr
499 352 690 404 arrsroms
990 333 1061 409 325

60 477 77 545 7
100 460 247 540 Quinque
269 455 376 517 ambb.
399 457 459 516 Zel.
480 457 503 515 B
525 468 554 516 et
576 456 643 516 edd.
665 456 782 536 aliquot
802 465 872 516 vau.
895 471 921 517 te
941 470 970 516 et
989 458 1062 520 ado-

100 566 269 626 lescentiam
289 578 377 625 triani.
558 610 560 615 .

59 674 80 737 8
100 672 144 734 Cf.
166 693 236 734 curn
257 692 305 755 ep.
327 670 505 741 cxxxiii,
526 680 588 730 not.
609 671 644 747 43
666 680 696 729 et
716 665 859 741 CXLVI,
879 669 908 733 8.
946 715 948 722 ·

56 781 255 864 9Ernestlus
282 776 413 838 malebat
438 776 604 850 detulerim,
632 776 714 858 quod
739 787 784 840 est
813 776 940 839 verbum
969 778 1059 841 huius

101 887 219 948 formae
239 886 417 968 legitimum.

60 1013 97 1056 ro
117 993 221 1074 Vulgo
240 996 281 1054 ita
300 1004 329 1052 et
348 992 480 1074 aeceptn
499 991 549 1051 sed
570 1003 599 1050 et
622 990 732 1052 delevit
752 993 811 1050 iarn
837 991 1011 1063 Ernestius,
1031 1004 1061 1054 et

97 1099 184 1160 abest
197 1097 238 1159 ab
252 1097 338 1158 Amb.
358 1107 456 1170 sexto,
476 1097 726 1158 decimoseoundo
740 1108 771 1158 et
785 1096 974 1179 quar-todem,
988 1098 1059 1159 Res.

96 1207 282 1277 Emestino,
301 1204 359 1264 Gu.
381 1213 411 1265 et
431 1203 477 1264 ed.
498 1204 555 1264 Ro.
582 1204 663 1264 Tum
684 1202 851 1264 Lambinus
871 1204 912 1264 ita
931 1205 1062 1286 aceepit,

97 1325 131 1373 nt
151 1313 223 1373 milri
234 1347 274 1359 -
286 1311 458 1394 significarit
464 1355 475 1384 ,
494 1322 524 1369 et
534 1342 575 1358 --
587 1308 752 1371 ostenderit.
773 1309 844 1370 Sine
864 1330 968 1385 eausa3
987 1331 1059 1371 nam

98 1420 141 1479 ita
160 1417 227 1490 hio,
247 1429 282 1478 ut
302 1417 389 1490 alias,
410 1417 562 1498 eleganter
582 1416 725 1477 abundat.

60 1545 91 1586 rr
119 1523 169 1584 Sic
195 1544 265 1585 cum
295 1523 368 1584 Ero.
396 1533 426 1584 et
452 1521 594 1584 Sehiitzio
622 1521 900 1610 quintusdeoimus3
931 1522 1038 1583 melius
1050 1564 1061 1596 ,

97 1652 190 1712 quarn
212 1630 360 1689 Graevius
381 1630 407 1689 si
424 1648 516 1711 quae,
535 1627 604 1690 vide
624 1638 685 1690 not.
700 1627 720 1688 6
733 1626 771 1690 ad
793 1649 839 1711 ep.
861 1626 1059 1690 CLXXVlll.

94 1737 153 1798 Alii
176 1735 246 1796 libri
267 1737 374 1796 vitiose
393 1749 423 1795 et
442 1756 518 1817 qliae
539 1746 566 1797 te
586 1755 640 1796 res.

58 1863 94 1904 ra
117 1843 225 1903 Sextus
245 1852 275 1903 et
296 1841 485 1923 quartusdee.
499 1842 554 1903 boc
574 1843 600 1903 si
618 1843 765 1913 amiserim
784 1853 815 1903 et
834 1842 912 1902 iufra
925 1841 1059 1902 decimus

97 1949 266 2022 secundus,
287 1959 412 2030 quartus
425 1982 465 1998 --
479 1958 508 2009 et
530 1949 716 2031 quintusdee.
736 1948 850 2009 nnllrrm
871 1967 1018 2028 umquam.

520 2189 593 2250 CLI.

57 2395 68 2436 r
96 2370 186 2438 Amb.
212 2395 246 2458 17
270 2375 432 2439 meulenter
450 2377 616 2460 calfacerat.

54 2503 72 2544 2
95 2484 281 2546 Praetorem.
303 2486 374 2544 Mox
396 2484 559 2556 Divinatio,
580 2486 628 2544 cui
649 2485 840 2566 potissimum
861 2501 897 2542 ex
911 2501 994 2565 seqq.
1008 2499 1060 2543 ae·

94 2589 285 2651 cusatoribus
298 2591 418 2652 dicendi
433 2591 558 2651 facultas
572 2590 703 2652 daretur.
726 2590 776 2650 Sic
791 2590 939 2651 Divinatio
957 2588 1060 2672 appel·

93 2698 175 2766 latur
196 2698 247 2758 illa
267 2698 420 2759 Ciceronis
440 2699 471 2758 in
495 2697 632 2772 Verrem,
652 2701 683 2760 in
705 2719 766 2779 qua
786 2696 934 2778 agebatur
954 2707 1059 2756 utrum

93 2803 257 2876 Caecilius,
277 2804 382 2866 Verris
403 2814 559 2886 quaestor,
573 2826 613 2865 an
628 2804 734 2865 Cicero
748 2804 877 2866 Verrem
896 2813 1059 2864 accusaret.

95 2911 227 2972 Causam
248 2910 379 2972 nominis
399 2908 551 2971 Pedianus
572 2914 724 2993 exposuit,
746 2910 829 2992 quod
842 2931 904 2971 uon
924 2909 962 2969 de
972 2908 1060 2991 flecto

95 3029 309 3100 quaereretur,
330 3017 382 3078 sed
403 3016 441 3076 de
452 3018 570 3100 futuro.
590 3017 670 3080 Vide
692 3018 839 3089 Gellium,
860 3018 904 3088 ll,
924 3015 952 3076 5.

52 3123 71 3186 3
94 3123 260 3184 Gabinium
275 3127 374 3206 gretia
387 3145 456 3196 sua,
470 3136 499 3184 et
513 3126 693 3185 auctoritate
707 3122 903 3184 defendendo.
923 3119 1060 3182 Favebat

92 3231 175 3291 enim
197 3230 361 3313 Pompeius
383 3229 530 3304 Gabinio,
551 3241 586 3291 ut
605 3230 736 3291 vidimus
757 3233 787 3290 in
802 3251 849 3313 ep.
871 3227 1013 3299 CXLVI,
1032 3248 1060 3308 7.

93 3336 190 3398 Aldus
211 3348 242 3398 et
261 3336 370 3397 Lamb.
392 3337 514 3399 invertit.

50 3444 72 3522 4
91 3443 188 3505 Ludit
209 3465 244 3504 ex
266 3444 426 3526 ambiguo,
448 3466 543 3527 quum
565 3447 653 3526 periti
682 3451 879 3528 imperatores
904 3452 997 3503 noctu
1017 3442 1060 3503 ir·

92 3561 239 3633 rumpant
259 3553 290 3611 in
310 3551 443 3613 hostium
466 3551 574 3625 urbes,
595 3549 742 3613 Gabinius
764 3571 836 3612 vero
864 3569 995 3630 nequem
1016 3557 1062 3607 ta«

90 3660 169 3718 citus
191 3668 283 3718 noctu
304 3659 486 3721 introiverit.
510 3659 544 3719 ld
566 3661 666 3741 ipsum
688 3663 747 3720 iam
761 3661 792 3717 in
813 3678 860 3740 ep.
875 3654 1061 3737 CXLVl,9.

56 3788 58 3792 ⁴
91 3765 165 3823 Mox
187 3764 283 3824 Land.
305 3786 375 3825 cum
399 3765 476 3826 Aldo
498 3780 586 3826 noctu
607 3767 759 3827 urbemn·-
772 3766 927 3843 invasisset,

52 3867 336 3951 iimperatoribus
365 3893 382 3932 e
412 3875 570 3954 provincia
601 3872 796 3934 redeuntibus
827 3873 970 3930 usitatum
1003 3866 1063 3926 hoe
1112 3920 1113 3928 ,
