2632 4852
158 338 230 411 318
518 355 787 408 aurorarronrs

195 463 224 524 V
238 459 313 522 Non.
326 459 450 538 Quinti
468 457 585 521 Deinde
598 457 635 520 de
646 458 779 522 Procilio
792 461 851 532 ait,
863 479 1006 524 rumores
1026 482 1089 524 nan
1102 463 1160 525 bo·

193 589 251 631 nos
270 588 352 640 esse,
370 576 406 627 ut
425 586 496 629 emn
516 565 749 631 condemnatum
770 568 808 629 iri
829 567 1029 632 metuendum
1043 572 1090 631 eit.
1105 573 1158 632 At·

195 677 248 758 qui
268 677 330 736 iam
349 694 397 756 ep.
418 673 549 747 CXLII,
568 677 585 748 S
605 675 626 750 4
644 685 821 736 narraverat
837 674 1008 737 Procillum
1028 697 1056 736 a
1070 676 1099 738 d.
1113 679 1157 739 III

191 783 269 843 Non.
289 782 396 860 Quint.
415 779 649 842 condemnatum
668 801 740 844 esse.
760 781 846 863 Ergo
870 781 932 844 hoc
951 783 1158 866 fragmentum

106 914 109 919 Δ
192 899 239 950 est
248 909 284 949 ex
295 887 422 970 epistola
431 899 500 948 ante
511 886 669 969 epistolam
681 887 793 947 CXLII
806 891 926 972 scripta.
941 889 1157 954 HaecSchirtn

197 995 354 1056 Emestius
374 992 450 1054 nihil
469 992 566 1066 aliud,
587 1015 679 1075 quam
697 994 793 1056 multa
807 994 857 1057 hic
870 996 973 1058 deesse
989 999 1157 1080 suspicatus

194 1114 255 1177 est;
276 1098 444 1161 Lambinus
463 1101 506 1161 sic
525 1098 625 1161 locum
647 1103 837 1163 concinnavit
860 1104 893 1162 in
910 1101 991 1163 fine:
1016 1103 1157 1186 Qur'cum·

192 1229 250 1290 que
260 1207 403 1292 posthae,
416 1219 517 1268 notum
530 1207 598 1281 titi,
610 1220 643 1268 ut
655 1207 746 1272 viiito.
760 1207 830 1269 Iam
842 1209 1089 1290 intelligebamus,
1103 1221 1157 1272 etc.

158 1315 194 1384 ro
212 1313 307 1375 Laud.
328 1323 359 1375 et
377 1313 424 1374 ed
444 1314 520 1390 lens.
540 1312 662 1375 omem.

157 1443 192 1503 ¹7
212 1422 342 1482 Gratum
355 1420 471 1503 aliquid
483 1421 591 1483 faciam
603 1422 723 1482 Tulliae
737 1432 864 1505 propter
876 1423 1060 1497 amicitiam,
1081 1444 1157 1506 quae

192 1530 221 1589 ei
242 1549 311 1588 cum
331 1527 410 1588 Pilia
430 1529 595 1590 intercedit.
617 1529 736 1590 Sclsiitz.

157 1633 193 1696 18
213 1634 272 1694 Alii
291 1632 362 1694 deos
372 1635 504 1715 faciles,·
522 1656 692 1718 perperam.
713 1635 792 1706 Scis,
812 1636 927 1716 iuquit,
947 1637 1019 1717 quis
1044 1639 1085 1696 sit
1105 1638 1156 1697 iste

192 1741 370 1801 Vestorius?
390 1741 496 1818 Quum
508 1751 538 1802 te
550 1753 581 1802 et
593 1764 643 1803 me
656 1752 759 1802 utatur
772 1740 937 1814 facillimis,
957 1753 1066 1807 tamen
1083 1741 1156 1803 nihil

194 1845 344 1907 difficilius
358 1848 434 1930 ipso.
448 1847 570 1931 Popnm.
584 1850 654 1910 Duo
667 1846 830 1932 proditos,
843 1850 982 1931 antique;
997 1870 1047 1932 ep.
1059 1850 1127 1923 LII,
1141 1868 1156 1908 n

195 1963 269 2014 extr.

163 2081 199 2143 ¹9
219 2060 246 2120 E
268 2060 378 2142 quibus
391 2050 467 2123 'reus
484 2062 579 2124 lactus
593 2073 657 2124 erat
670 2071 795 2145 propter
808 2060 1027 2128 Tribunatum.
1042 2061 1155 2122 Emest

157 2187 195 2228 no
215 2169 318 2246 Quam
340 2170 399 2229 siut
418 2180 570 2252 corrupta.
590 2167 698 2229 Paullo
718 2179 787 2252 post
806 2169 924 2231 Drusus
944 2189 1058 2231 revera
1072 2167 1155 2230 absc·

195 2273 278 2334 lutus
297 2274 372 2351 fuit3
391 2298 439 2358 ep.
461 2275 599 2349 CXLIV,
618 2278 646 2336 3.
747 2296 748 2299 ’

159 2401 192 2440 21
216 2381 393 2464 Lagendum
413 2404 476 2444 esse
497 2405 557 2445 non
575 2384 640 2446 misi
658 2385 786 2445 coniecit
804 2383 932 2467 Popma.

156 2507 194 2547 nn
215 2488 342 2549 Munere
361 2488 451 2567 dat03
470 2511 518 2573 ep.
540 2490 645 2553 CLVI.
666 2490 783 2551 Manut.
805 2489 916 2559 sehon
939 2489 972 2550 in
994 2489 1153 2572 populun,

195 2604 319 2655 auctore
339 2595 412 2656 Ern.
464 2623 472 2641 ν

157 2701 194 2758 23
216 2699 265 2759 Sic
285 2721 332 2782 ep.
354 2702 435 2785 CLI,
456 2723 483 2764 a.
504 2706 560 2764 ait:
582 2703 728 2766 Domitius
748 2722 816 2765 cum
832 2703 967 2767 Messala
981 2715 1079 2767 cerem
1097 2721 1152 2762 esse

195 2804 353 2867 videbatur.
632 2785 648 2791 „

155 2913 194 2988 24
214 2913 297 2990 Quid
313 2917 351 2974 sit
364 2919 487 2977 tacitum
502 2917 649 2979 iudicium
661 2938 724 2978 nan
737 2921 807 2980 satis
821 2916 969 2980 intellexit
981 2918 1049 3000 ipse
1062 2915 1151 2976 Erne-

192 3022 273 3081 stius.
294 3021 447 3084 Manutius
468 3026 524 3095 ait,
544 3025 634 3086 fuisse
655 3025 778 3106 quidem
799 3024 927 3096 factum,
949 3022 1004 3085 sed
1015 3042 1080 3084 non
1091 3020 1148 3083 edi·

192 3137 268 3188 tum.
288 3129 355 3191 Hoc
376 3151 463 3192 sensu
490 3133 664 3214 accipienda
692 3144 762 3194 sunt
789 3133 877 3194 tacita
901 3130 1050 3214 affinga
1075 3125 1149 3212 apud

190 3233 339 3295 Iustinum
365 3238 488 3318 (XXII,
515 3241 568 3320 3),
595 3262 672 3321 quae
700 3240 812 3301 scilicet
839 3239 980 3300 leruntur
1008 3239 1042 3300 in
1070 3254 1148 3297 reum

190 3339 364 3430 absentem,
394 3320 551 3408 sententiis.
578 3359 680 3408 tamen
711 3369 773 3409 non
806 3347 959 3417 recitatis,
989 3341 1147 3408 recitandis

110 3474 112 3477 ’
190 3469 263 3508 vero
283 3462 353 3533 post
373 3455 501 3514 comitia.
523 3455 592 3516 Cler
612 3458 701 3518 etiam
732 3455 834 3515 Iocum
861 3453 900 3514 de
929 3453 1019 3512 tacito
1049 3448 1147 3511 iudicii)

191 3555 273 3636 apud
293 3557 422 3619 eundem
448 3562 612 3636 lustinum,
637 3562 785 3633 XXXIV,
812 3562 840 3622 3.
860 3561 941 3621 Ante
955 3559 1096 3629 'comitia
1114 3574 1147 3613 ¹¹⁰

190 3660 268 3723 forte
288 3663 383 3725 libera
396 3688 457 3727 non
471 3681 568 3730 essent
588 3669 716 3743 iudicia,
735 3672 760 3730 si
781 3666 955 3728 consulibus
971 3668 1034 3725 iam
1048 3659 1146 3726 crealss

190 3764 305 3831 fierent.
327 3771 395 3833 Hoc
416 3786 515 3835 autem
537 3776 669 3838 decrevit
689 3787 822 3847 senatus,
843 3785 893 3846 ut,
914 3775 969 3855 qui
989 3772 1075 3833 nullo
1094 3787 1145 3851 pu·

191 3871 263 3934 dore
283 3859 517 3959 prohiberentur
531 3883 570 3944 ab
584 3885 679 3946 effuso
700 3884 831 3956 ambitu,
852 3880 1047 3963 largitionem
1062 3875 1143 3938 omit-
