2632 4852
51 398 56 420 Ι
157 311 206 387 06
409 354 412 360 ·
505 331 673 381 urrsrom
698 330 811 380 exuri.
927 327 958 376 Α.
975 331 1009 379 v.
1027 329 1057 377 c.
1073 327 1130 391 ⁶99,

195 436 391 503 novissimae,
417 452 509 514 quam
534 435 561 495 ei
589 451 684 514 quum
703 429 782 491 hano
802 427 959 511 epistolam
979 429 1040 487 iam
1063 446 1147 487 oom-

195 540 320 626 plicaret
338 539 484 604 tabellarii
505 535 756 610 reddiderant&
774 557 796 618 9
816 531 978 617 Subiungit
998 531 1148 617 quaedam

196 650 254 711 alia
273 647 337 712 aliie
358 644 463 710 diebus
482 646 602 727 scripte.

200 845 252 899 sa.
270 844 363 917 pean
380 844 409 899 in
424 841 545 912 atpium
561 848 588 894 a
603 840 698 912 parum
715 839 809 894 romae
827 837 858 892 a,
871 837 904 892 v.
922 799 1116 900 o'ocxcrx,

544 930 613 989 Prid.
631 931 692 988 Kal.
710 932 769 988 oct.

430 1120 589 1193 Mracvs
614 1124 652 1203 Q.
675 1119 818 1189 rmrm
842 1122 873 1186 a.

212 1342 224 1391 r
254 1316 332 1414 Ego
355 1336 399 1387 ex
422 1312 558 1411 magnis
583 1302 756 1384 caloribus
781 1315 882 1398 (non
910 1307 1005 1380 enim
1028 1308 1150 1384 memi·

155 1441 272 1516 nimus
296 1441 466 1530 maiores)
491 1440 529 1511 in
547 1437 709 1537 Arpinati
734 1458 869 1512 summa
894 1457 975 1508 cum
1001 1433 1151 1508 amoeni·

156 1579 229 1640 tate
258 1560 441 1642 fluminis²
467 1589 524 1639 me
549 1562 653 1636 refeci
675 1562 840 1636 ludomm
866 1558 1006 1661 diebus,
1030 1558 1150 1632 Philo-

156 1689 245 1764 timo
262 1687 470 1765 tribulibus²
487 1685 751 1764 commendatis.
767 1687 811 1761 In
826 1687 966 1761 Arcano
982 1712 1013 1759 a.
1031 1685 1066 1758 d.
1083 1684 1151 1758 ΠΠ

155 1815 240 1888 ldus
278 1816 372 1916 Sept
403 1815 461 1889 fui.
494 1815 549 1890 Ibi
581 1813 785 1909 Messidium
821 1839 902 1888 cum
933 1809 1151 1911 Philoxeno,

156 1965 374 2043 aquamque,
399 1965 505 2042 quam
529 1940 554 2015 ii
579 1939 755 2015 ducebant
779 1964 853 2013 non
877 1937 982 2037 longe
1007 1964 1028 2012 a
1055 1936 1151 2032 villa,

68 2052 71 2063 ’
154 2065 245 2140 bene
269 2092 353 2140 sane
376 2064 542 2143 fluentem
567 2064 658 2164 vidi,
685 2065 888 2165 praesertim
911 2062 1152 2168 maxima'sic-

127 2194 278 2270 oritate:
314 2192 578 2294 uberioremque
615 2192 793 2294 aliquanto
831 2213 906 2264 seso
943 2188 1152 2264 collecturos

144 2342 231 2391 esse
257 2317 429 2396 dicebant.
453 2317 561 2419 Apud
585 2318 718 2391 Herum
750 2328 844 2390 recta
874 2329 957 2392 erat
982 2318 1026 2390 In
1052 2317 1153 2389 Man·

155 2441 284 2516 lian0³
310 2437 441 2520 offe'ndi
464 2443 647 2544 Diphilum
677 2440 821 2544 Diphilo
848 2442 1054 2546 tardiorem
1084 2439 1153 2513 Sed

157 2580 275 2663 tamen
299 2567 386 2645 nihil
410 2570 442 2642 ei
467 2569 648 2643 restabatl
666 2578 803 2668 praeter
819 2550 1013 2667 balnearia,
1029 2581 1068 2641 et
1085 2573 1152 2640 am·

155 2690 391 2793 bulationem,
416 2708 451 2767 et
476 2696 652 2770 aviarium.
669 2693 763 2767 Villa
784 2694 870 2767 mihi
887 2693 990 2768 valde
1007 2693 1153 2794 placuit,

156 2832 344 2916 propterea
363 2819 466 2921 'quod
490 2846 662 2896 summam
687 2820 892 2918 dignitatem
915 2793 1152 2919 pavimentata

156 2943 312 3041 porticus
338 2943 491 3022 habebat
507 2948 540 3020 ⁵:
566 2945 661 3052 quod
686 2945 773 3019 mihi
796 2971 891 3018 nuno
916 2944 1069 3045 denique
1094 2971 1152 3044 ap·

156 3068 289 3166 paruit,
313 3084 543 3170 posteaquam
568 3083 604 3145 et
628 3071 705 3170 ipsa
730 3083 805 3143 tota
830 3084 944 3170 patet,
961 3082 998 3141 et
1022 3068 1153 3143 colum-

156 3216 222 3265 nae
246 3192 410 3296 politae⁶
435 3210 525 3296 suut.
552 3197 684 3272 Totum
708 3196 745 3268 in
771 3221 813 3269 eo
838 3208 893 3267 est
917 3194 1043 3296 (quod
1067 3194 1153 3269 mihi

156 3318 222 3389 erit
246 3325 378 3412 curae)
404 3321 589 3397 tectorium
622 3335 663 3393 ut
695 3322 939 3397 concinnum?
966 3322 1019 3395 sit.
1048 3320 1153 3396 Pavi-

154 3458 274 3516 menta
297 3459 392 3520 recte
417 3447 492 3551 fiori
517 3446 734 3523 videbantur.
758 3448 956 3530 Camarasl
981 3428 1175 3547 quasdam}

154 3591 228 3639 non
251 3569 416 3670 probavi,
441 3573 635 3677 mutarique
658 3573 751 3650 iussi.
784 3572 866 3664 Quo
898 3570 979 3644 looo
1004 3572 1043 3645 iu
1069 3595 1150 3671 por·

157 3691 228 3764 tiou
253 3707 288 3766 te
314 3697 463 3774 scribere
489 3699 587 3776 aiunt
611 3713 651 3770 ut
675 3698 838 3774 atriolum
867 3701 948 3796 fiat,
978 3696 1088 3795 mihi,
1112 3709 1149 3769 ut

87 3831 89 3834 ’
156 3830 224 3919 est,
248 3823 356 3927 magis
390 3822 560 3929 placebat.
594 3823 716 3932 Neque
749 3825 847 3909 euim
872 3801 955 3901 iotis
980 3822 1051 3900 loci
1077 3846 1146 3899 esse
