2632 4852
163 347 208 394 20
478 324 648 395 errorouu'
674 338 816 399 cxxxur.
936 333 966 385 s.
980 336 1014 382 v.
1034 333 1062 388 c.
1079 331 1128 393 699

240 543 293 607 Sur,
312 538 406 596 Remea
425 542 454 592 Α.
471 540 505 592 V.
523 540 551 592 C.
572 537 717 605 ΒΟΧΕΙΧ,
734 552 819 597 meuse
838 533 900 597 Feb.
919 540 964 586 aut
981 532 1083 596 Martip,

366 736 510 808 CICERO
535 733 700 814 CAESARI
725 733 831 809 ΙΜΡ,ι
858 733 888 805 S,
912 731 950 800 Ι).

211 941 322 1041 Vide,
345 966 452 1042 quum
475 939 562 1013 mihi
586 939 838 1040 persuaserim,
870 949 904 1008 te
930 959 1006 1008 esse
1031 955 1088 1006 me
1115 933 1161 1011 ala

161 1081 275 1141 terum
290 1083 318 1166 ²,
352 1090 426 1139 non
460 1065 570 1140 modo
601 1066 639 1138 in
672 1064 726 1137 bis
760 1062 883 1160 rebus,
917 1086 1006 1161 quae
1032 1059 1079 1132 ad
1104 1085 1161 1133 me

160 1193 292 1292 ipsum,
308 1191 372 1265 sod
387 1192 493 1264 etiam
516 1192 553 1263 in
577 1192 637 1290 iis,
663 1214 751 1292 quae
776 1187 823 1260 ad
846 1211 944 1259 meos
971 1186 1160 1286 pertinent

162 1318 201 1404 C,
226 1315 462 1398 Trebatium³
493 1317 699 1415 cogitaram,
732 1336 953 1418 quocumque
986 1311 1116 1383 exirem
1132 1310 1160 1408 4,

162 1438 300 1527 mecu'm
325 1441 468 1541 ducere,
484 1456 525 1515 ut
541 1467 620 1524 eum
642 1441 729 1523 meis
754 1437 917 1524 omnibus
942 1435 1083 1534 studiis,
1101 1435 1160 1507 bc-

115 1639 117 1651 ,
161 1566 294 1655 beficiis
319 1593 424 1668 quarn
448 1567 736 1654 ornatissimum⁵
764 1564 910 1648 domum
943 1561 1158 1645 reducerem.

152 1690 234 1773 'sed
257 1705 380 1792 postea
405 1719 510 1794 quam
534 1705 569 1767 et
596 1692 757 1792 Pompeii
789 1688 1053 1770 commoratio⁶
1080 1685 1158 1769 diu.

163 1816 299 1894 turnior
331 1830 421 1917 erat,
454 1844 559 1918 quam
591 1830 771 1916 putaram3
803 1829 840 1897 et
871 1839 949 1888 mea
986 1811 1160 1913 quaedam

162 1939 228 2019 tibi
258 1966 332 2014 non
362 1943 481 2040 ignota
515 1941 719 2018 dubitatior
753 1954 814 2015 aut
846 1939 1017 2040 impedire
1042 1938 1160 2037 prole2

163 2067 316 2153 ctionem
340 2093 456 2141 meam
480 2067 682 2166 ridebatur,
698 2080 759 2141 aut
778 2063 1160 2162 concordaremus,

163 2192 248 2307 quid
272 2192 358 2283 mibi
382 2172 597 2311 sumpserim.
623 2194 734 2293 Coepi
760 2191 848 2265 velle
855 2247 866 2291 ‚
889 2216 930 2263 ea
954 2189 1160 2262 Trebatium

162 2331 363 2417 exspectare
395 2345 415 2391 a
448 2333 500 2417 te,
534 2344 622 2420 quae
655 2317 905 2418 sperasset⁰a
937 2340 1002 2398 me,
1036 2313 1160 2425 Neque

161 2439 359 2528 mehercule
383 2442 497 2529 minus
523 2443 555 2522 ei
579 2441 714 2543 prolixe
741 2442 784 2527 ds
802 2454 861 2527 tua
879 2439 1060 2526 voluntate
1077 2463 1159 2540 pro.-

161 2564 260 2659 rnisi,
285 2591 390 2664 qoam
415 2591 510 2640 cram
535 2566 657 2643 solitus
683 2567 727 2641 de
752 2593 830 2651 mea
855 2565 1023 2667 polliceri.
1049 2543 1160 2640 Casus

162 2713 247 2777 vero
272 2691 437 2777 mirificus
463 2693 604 2792 quidam
629 2694 834 2790 intervenit,
855 2693 955 2794 quasi
979 2690 1037 2765 vel
1061 2691 1160 2765 'testis

162 2815 338 2913 opinionis
371 2801 490 2916 ureae)
524 2818 580 2904 val
617 2844 767 2919 sponsor
802 2795 1030 2897 humanitatis
1070 2830 1157 2889 tuae.

161 2937 253 3023 Nam
278 2967 385 3042 quum
412 2942 455 3029 de
479 2942 548 3029 boo
573 2947 651 3044 ipso
676 2943 845 3018 Trebatio
870 2970 950 3021 cum
967 2940 1081 3017 Balbo
1098 2966 1158 3014 no

161 3076 235 3144 stro
259 3064 421 3167 loquerer
445 3072 637 3143 accuratius
663 3069 759 3155 domi
783 3096 895 3169 meae,
929 3069 1050 3151 literae
1075 3065 1160 3141 mihi

163 3186 323 3270 dantur-9
348 3219 367 3272 a
393 3207 445 3291 to,
470 3195 595 3296 quibus
620 3198 658 3268 lu
682 3199 845 3269 extremis
871 3197 1044 3295 scripturn
1070 3206 1161 3266 erat:

160 3312 214 3401 M·
230 3314 368 3416 Rufum
384 3334 427 3406 ¹⁰,
451 3345 556 3422 quem
580 3322 666 3407 mibi
696 3323 939 3407 commendas,
966 3322 1021 3402 uel
1050 3344 1161 3421 regem

163 3436 307 3517 ,Galliae
318 3442 482 3542 ficiam,
499 3447 554 3524 uel
577 3445 676 3529 leuno
694 3448 826 3549 Leptae
851 3448 977 3544 delego
1003 3450 1036 3518 ri
1061 3450 1160 3528 visu,

164 3562 222 3639 Tu
246 3567 298 3647 ad
319 3594 373 3645 me
397 3570 510 3658 ulium
535 3576 631 3650 mitte
656 3598 761 3674 quem
785 3598 917 3646 ornem.
947 3570 1158 3653 Sustulimus

156 3711 280 3764 manus
305 3708 341 3766 et
365 3721 430 3796 ego
449 3711 484 3780 et
500 3696 639 3772 Balbus.
657 3700 772 3782 Tanta
798 3699 864 3771 fuit
890 3699 1156 3799 opportunitas,

155 3813 304 3901 utillud
328 3824 448 3898 nescio
474 3825 559 3925 quid
582 3842 610 3879 ¹²
635 3851 708 3901 nou
734 3827 935 3922 fortuitum,
969 3822 1032 3897 sed
1064 3822 1153 3896 divi-
