2632 4852
189 369 192 373 «
269 295 344 392 356
632 333 900 385 irrorsrromrs

308 439 396 502 lenda
415 460 478 499 esse
498 440 588 499 ctiam
613 437 764 510 Muretus,
785 438 808 498 l.
828 438 880 497 Fr.
905 436 1098 507 Gronovius,
1127 435 1272 498 Graevius

308 558 340 608 et
358 547 516 606 Ernestius
536 554 699 605 senserunt.
721 542 924 605 Commodum
950 543 1033 602 enim
1060 563 1188 604 sensum
1213 565 1271 605 non

307 653 428 714 habent.
449 652 504 712 Est
524 653 613 711 ctiam
635 653 687 732 qui
708 653 832 731 corrigit
851 668 942 732 quam
963 650 1038 710 haec
1059 671 1123 710 non
1136 651 1271 722 scn'lem,

306 761 356 820 vei
376 780 467 842 quam
486 758 666 828 exscribere,
687 767 718 817 et
737 757 884 816 Canterus
898 775 989 839 quum
1001 756 1077 816 haec
1099 758 1269 818 exscribere.

273 867 308 926 13
330 865 423 943 Quod
442 875 562 946 tempus
581 875 669 923 tuum
689 865 721 923 in
741 861 846 923 charta
865 837 1040 923 abradenda
1060 864 1244 924 insumseris.

273 973 309 1048 ¹4
327 971 450 1030 Nullum
476 980 507 1030 te
534 972 600 1029 istic
625 969 758 1030 fructum
786 989 895 1050 capere
915 990 932 1029 e
952 971 1080 1029 scientia
1110 971 1187 1030 iuris
1217 972 1267 1029 eir.

307 1077 402 1159 Epist.
423 1075 564 1136 CLXVII
585 1087 659 1136 extr.
678 1077 725 1135 siu
743 1089 842 1136 aulem
861 1077 918 1135 isla
927 1075 1086 1157 ffigebunl
1099 1077 1227 1158 recipias
1245 1089 1269 1136 te

306 1182 350 1242 od
368 1204 428 1243 nos.
448 1182 563 1242 Manut.
584 1182 656 1242 Mox
677 1182 757 1243 Vict.
778 1183 890 1264 aliique
909 1181 1104 1263 suppeditari

273 1290 308 1350 15
327 1289 373 1348 Ex
396 1311 456 1370 qua
477 1287 591 1348 iactum
612 1299 672 1359 est,
693 1299 727 1347 ut
746 1308 809 1347 non
828 1298 955 1370 peteres.

271 1394 307 1456 16
326 1394 432 1455 Lamb.
453 1397 497 1455 M.
517 1394 637 1455 Aemilii
657 1393 845 1467 Plsilernonis,·
866 1414 960 1475 quam
981 1397 1206 1456 correctionem
1219 1397 1268 1456 etsi

306 1522 342 1561 ex
362 1503 548 1572 coniectura,
566 1511 669 1560 tamen
689 1521 751 1560 non
770 1499 927 1583 improbat
945 1500 1102 1562 Victorius
1125 1503 1158 1561 in
1171 1512 1268 1583 poste-

306 1607 446 1668 rioribus.
476 1608 671 1667 Metriliorum
700 1610 781 1668 enim
813 1609 927 1667 mentio
953 1609 1095 1688 nuspiam
1124 1610 1268 1677 occurrit,

307 1713 351 1773 M.
376 1714 497 1774 Aemilii
518 1713 695 1775 Philemoms
718 1735 791 1775 vero
818 1713 901 1795 apud
926 1715 1091 1774 Ascordum
1119 1717 1154 1773 in
1180 1735 1266 1795 argu-

305 1830 409 1879 mento
440 1819 632 1880 Milonianae.
660 1819 769 1881 Ambb.
796 1840 900 1881 omnes
927 1840 997 1879 cum
1024 1820 1087 1880 Zet.
1108 1820 1136 1879 B
1156 1831 1188 1881 et
1205 1819 1266 1880 edd

306 1936 376 1986 vett.
397 1925 579 1986 Philometris.
600 1927 673 1987 Mox
692 1927 763 1988 Rec.
789 1938 821 1987 et
840 1927 888 1986 ed.
908 1927 982 1987 Min.
1007 1928 1068 1986 mm
1091 1926 1265 1987 audiveram

272 2054 305 2112 17
328 2031 541 2093 Coaxationem
556 2054 700 2093 ranarum
719 2036 752 2093 in
771 2033 933 2115 paludibus
951 2033 1104 2094 Pomtinis
1124 2034 1266 2116 proiecta·

306 2160 374 2198 rum
395 2140 449 2218 (ut
467 2138 572 2220 fingit)
593 2161 633 2200 ex
653 2139 832 2211 Vlubrano,
852 2138 936 2222 quod
956 2138 1108 2223 oppidum
1133 2141 1265 2202 Ciceroni

304 2245 568 2306 commendaverat
581 2245 763 2318 Trebatius,
780 2246 998 2328 effeceratque,
1009 2257 1046 2306 ut
1058 2249 1163 2308 nescio
1178 2267 1264 2330 quam

304 2371 411 2412 eorum
428 2351 644 2433 oppidanorum
656 2374 778 2413 oausam
797 2353 881 2435 apud
894 2364 1032 2415 senatum
1046 2365 1162 2435 ageret.
1176 2353 1204 2414 I.
1216 2352 1263 2412 Fr.

305 2456 432 2518 Gronov.
446 2459 507 2519 Zel.
526 2459 595 2520 Bet
614 2459 680 2519 edd
693 2469 764 2520 vett.
776 2461 913 2521 clientum
929 2481 1000 2520 cum
1019 2460 1142 2541 aliquot
1160 2459 1262 2520 Ambb.

268 2563 303 2624 18
315 2566 417 2641 'Quasi
432 2576 466 2625 ut
477 2565 552 2624 mihi
566 2565 688 2626 obviam
702 2565 860 2649 prodirent
870 2570 1017 2643 venienti;
1038 2588 1087 2648 ep.
1106 2567 1262 2628 CCXLIV.

302 2671 330 2728 J.
352 2671 389 2730 F.
413 2670 505 2731 Grorr.

266 2797 302 2856 19
321 2777 392 2834 Duo
413 2775 521 2837 Ambb.
542 2787 573 2836 et
591 2778 637 2838 ed.
662 2778 736 2838 lens.
758 2781 966 2841 raniculomm

263 2901 301 2940 20
320 2881 418 2942 Voces
443 2881 481 2940 de
507 2882 642 2944 Pomliuo
668 2884 778 2945 absunt
798 2907 816 2945 a
835 2896 940 2946 nostro
962 2909 992 2967 7.
1011 2887 1081 2947 Non
1103 2890 1146 2948 ita
1171 2886 1261 2959 male;

212 3068 215 3076 Ι
300 3008 392 3069 supra
411 2993 427 3061 S
449 2989 483 3048 3:
505 2989 559 3048 has
579 2990 689 3050 litteras
707 2993 810 3073 scripsi
828 2995 859 3053 ia
879 2992 1023 3053 Pomlirw.

261 3113 294 3152 21
320 3093 378 3153 Hic
396 3115 508 3156 novam
522 3097 679 3177 epistolam
694 3098 890 3159 exordiuntur
902 3099 965 3160 fere
986 3121 1096 3162 omnes
1110 3100 1182 3162 libri
1196 3101 1258 3160 scri-

298 3202 344 3280 pti
365 3211 394 3260 et
414 3211 485 3262 vett.
505 3201 571 3262 edd.
592 3202 700 3264 Errori
720 3226 841 3266 causam
862 3204 946 3266 dedit
965 3205 1097 3268 fortasse
1114 3209 1257 3291 appositio

299 3309 438 3386 superior
457 3307 525 3368 diei.

261 3431 298 3469 αα
320 3413 394 3473 Cod.
419 3413 454 3473 15
474 3425 504 3475 et
524 3418 640 3497 priscae
660 3418 727 3479 edd.
748 3420 922 3480 innocenter.

220 3528 224 3536 “
259 3518 298 3576 23
317 3519 416 3580 Nostri
436 3520 498 3580 duo
518 3535 603 3581 certe.
624 3524 792 3607 Vulgatum
812 3538 889 3587 recle
910 3526 992 3589 valet
1012 3538 1089 3589 tute.

259 3623 298 3702 24
318 3625 417 3686 Zelad.
440 3630 464 3686 Α
481 3640 644 3708 praeterea.
