2632 4852
178 331 243 405 ¹72
523 326 691 373 sersaoni
718 327 808 374 cmv.
946 325 1144 384 tuscan

171 457 209 504 re
233 428 372 531 publica
396 443 432 501 et
457 441 653 527 praestante
681 430 757 500 viro
791 427 937 526 scribat,
969 430 1163 530 ipsum'lo-

171 557 239 657 qui.
264 555 492 628 Commovit6
507 580 580 651 me,
606 568 641 625 et
667 579 709 625 eo
726 554 853 652 magis,
878 553 974 654 quod
993 558 1162 633 maximos

169 694 286 754 motus
317 693 456 754 nostrae
489 678 638 752 civitatis
672 679 840 776 attingere
872 705 946 769 non
983 694 1163 783 poteram,

170 806 266 908 quod
295 818 393 878 erant
424 804 619 900 inferiores,
651 829 756 905 quam
788 803 926 875 illorum
958 819 1073 907 aetas,
1105 810 1162 908 qui

167 931 407 1034 loquebantur.
432 931 510 1026 Ego
535 942 651 1001 autem
676 928 714 1001 id
729 928 847 1028 ipsum
862 942 938 1001 tum
954 955 1052 1002 eram
1068 959 1161 1005 secu·

167 1069 241 1155 tus,
265 1082 324 1154 ne,
348 1056 385 1128 in
402 1067 521 1128 nostra
544 1068 702 1154 tempora
726 1055 1158 1156 incurrens,·offenderem

168 1182 375 1283 quempiam.
402 1180 504 1254 Nunc
530 1193 566 1252 et
589 1178 627 1251 id
651 1178 786 1280 vitabo,
811 1194 848 1252 et
871 1179 994 1282 loquar
1018 1182 1094 1284 ipse
1114 1198 1159 1256 te-

167 1334 266 1405 cum,
297 1319 333 1378 et
358 1321 474 1404 tamen
498 1304 575 1405 illa,
599 1331 687 1408 quae
713 1305 930 1379 institueram
947 1325 973 1405 ⁷,
999 1307 1046 1380 ad
1071 1310 1159 1381 tesi

164 1435 313 1507 Romam
336 1457 484 1531 venero,
509 1433 652 1504 mittam.
678 1435 771 1504 Puto
796 1433 904 1531 euim,
930 1446 965 1505 te
981 1434 1155 1509 existima·

164 1572 297 1655 turum,
328 1583 428 1630 ame
461 1557 570 1630 libros
602 1556 680 1630 illos
713 1583 786 1631 nou
820 1558 894 1631 siue
926 1559 1045 1660 aliquo
1078 1587 1153 1635 meo

165 1682 346 1755 stomacho
372 1708 446 1755 esse
470 1682 618 1756 relictos.

215 1836 235 1881 2
262 1809 419 1906 Caesaris
450 1832 589 1907 amore,
623 1834 726 1909 quem
759 1809 805 1882 ad
838 1835 894 1882 me
933 1814 1153 1913 perscripsit,

162 1935 264 2007 unice
290 1933 463 2035 delector5
488 1935 667 2035 promissis
692 1935 747 2033 iis,
773 1961 860 2037 quae
886 1937 1060 2038 ostendit,
1082 1962 1150 2012 nou

112 2109 115 2119 ι
162 2059 263 2133 valde
288 2060 448 2161 pendeo,
472 2086 537 2132 nec
566 2059 645 2147 sitio
676 2060 826 2134 honores
843 2062 870 2159 ⁸,
893 2088 960 2134 nec
993 2035 1149 2138 desidero

161 2185 305 2282 gloriam
312 2216 323 2286 3
347 2186 524 2290 magisque
549 2186 621 2259 eius
646 2164 835 2260 voluntatis
860 2190 1151 2288 perpetuitatem,

161 2339 266 2410 quam
290 2314 540 2413 promissorum
564 2314 695 2386 exitum
720 2326 894 2412 exspecto.
920 2310 1016 2388 Vivo
1038 2328 1149 2388 tamen

159 2437 197 2507 in
230 2464 270 2509 ea
302 2438 490 2510 ambitione
522 2453 559 2510 et
589 2438 729 2536 labore,
762 2453 941 2540 tamquam
968 2439 1030 2538 id,
1058 2439 1148 2543 quod

159 2583 232 2632 non
257 2562 416 2662 postulo,
443 2577 648 2662 exspectem.

209 2686 230 2757 3
258 2686 365 2778 Quod
389 2713 445 2759 me
472 2688 515 2759 de
540 2686 706 2760 iaciendis
732 2688 922 2762 versibus9
946 2715 1068 2789 rogas,
1102 2693 1148 2764 in-

159 2809 322 2882 credibile
351 2826 421 2911 est,
453 2814 501 2884 mi
525 2813 647 2912 frater,
681 2841 786 2915 quam
819 2828 939 2913 egeam
972 2828 1148 2917 tempore3

156 2957 222 3007 nec
248 2962 330 3008 sane
355 2935 437 3010 satis
464 2965 688 3013 commoveor
708 2956 735 2989 ¹⁰
763 2941 878 3012 animo
905 2940 951 3013 ad
976 2967 1039 3040 ea,
1065 2967 1145 3043 quae

91 3111 96 3120 ,
157 3060 231 3160 vis,
263 3060 429 3138 canenda.
455 3066 636 3144 ’Υποθέσεις
669 3091 753 3140 vero
785 3066 832 3140 ad
860 3092 921 3164 ea,
955 3093 1046 3168 quae
1076 3069 1145 3167 ipse

156 3211 221 3284 ego
245 3214 290 3260 ne
308 3189 495 3287 cogitando
514 3192 655 3293 quidem
680 3218 892 3293 consequor,
917 3205 976 3292 tu,
1002 3194 1064 3294 qui
1080 3219 1144 3266 om-

155 3336 217 3384 nes
243 3314 311 3387 isto
337 3315 522 3416 eloquendi
548 3331 583 3390 et
608 3318 825 3418 exprimendi
850 3343 975 3415 genere
1008 3345 1144 3419 supera-

155 3437 200 3506 sti
220 3451 260 3536 11,
285 3465 304 3511 a
330 3466 396 3512 me⁴
417 3441 528 3540 petis?
560 3444 727 3515 Facerem
752 3459 890 3540 tamen,
915 3457 956 3515 ut
987 3468 1142 3544 possem5

156 3559 219 3631 sed
245 3564 359 3663 (quod
385 3578 418 3636 te
444 3568 586 3640 minime
616 3569 720 3668 firgit)
747 3596 835 3669 opus
865 3583 918 3642 est
951 3569 998 3644 ad
1021 3581 1139 3670 poema

156 3686 306 3784 quadam
332 3693 437 3763 animi
462 3691 659 3794 alacritate,
685 3722 790 3797 quam
815 3695 918 3796 plane
949 3695 1037 3770 mihi
1062 3711 1138 3769 tem-

154 3834 241 3906 pora
266 3816 424 3915 eripiunt.
457 3818 605 3893 Abduco
633 3821 793 3922 equidem
818 3850 874 3897 me
901 3819 945 3895 ab
969 3824 1073 3898 omni
1096 3819 1136 3894 rei
