2632 4852
283 286 286 297 ⁸
409 313 471 390 'ru
497 309 685 366 saissonis
986 288 1056 389 337

102 431 186 496 spem
207 413 428 495 pecuniarum,
448 423 501 473 aut
521 415 662 495 pecunias
682 412 781 493 ipsas,
807 433 881 494 quas
901 434 956 496 per
976 415 1058 497 lega-

104 521 217 580 tionem
238 521 382 602 consequi
403 522 610 601 potuissemus.
631 518 760 600 Reliqua
779 521 897 591 omnia,
918 530 952 581 ut
971 542 1062 604 pecu-

101 627 181 698 niae,
200 623 288 686 facile
308 636 436 708 pereunt
461 635 491 686 et
522 636 753 709 comparantur,
777 637 810 693 ut
830 627 868 687 sit
888 626 970 710 quod
991 648 1064 711 per-

103 732 175 795 dere
195 735 354 816 possimus.
374 732 490 793 Emere.
917 711 921 720 ¹

10 836 14 845 '
62 841 86 902 6
107 841 176 902 Mss.
198 842 274 921 regii
302 851 332 901 et
357 839 451 903 Laud.
477 861 567 922 quom
587 842 733 923 petrinus,
750 861 774 902 r.
794 841 838 904 ad
855 842 997 909 merram
1017 861 1063 905 re·

102 959 267 1019 serventur,
287 945 371 1029 quod
391 946 515 1011 Lallem.
536 951 658 1030 recepit.

62 1077 80 1133 7
103 1053 220 1114 Galliae
239 1053 365 1137 populi,
385 1052 467 1137 apud
488 1075 563 1136 quos
583 1052 764 1116 hibernabat
784 1058 822 1135 Q.
843 1057 944 1118 frater.

59 1160 155 1222 80b
175 1160 291 1241 legatos
323 1181 393 1221 cum
424 1160 555 1243 legione,
581 1172 611 1223 et
636 1159 813 1224 cohortibus
834 1183 934 1225 caesos
956 1163 1063 1243 (Caes.

103 1267 136 1327 B.
158 1267 237 1327 Gall.
262 1267 300 1340 V,
322 1268 383 1347 24)
405 1267 544 1352 explanat
563 1267 731 1346 Manutius3
751 1268 954 1352 potest‘locus
975 1268 1063 1332 intel-

103 1375 156 1456 ligi
184 1374 221 1434 de
248 1384 347 1436 morte
374 1373 473 1448 filiae,
500 1375 758 1459 quemadmodum
788 1376 1001 1460 explicavimus
1031 1379 1063 1438 in

102 1491 163 1545 not.
186 1481 224 1560 73
245 1479 284 1540 ad
304 1480 462 1564 epistolam
484 1480 632 1546 CXLVI:
659 1493 705 1546 est
724 1483 805 1547 cuim
825 1483 857 1546 in
876 1480 925 1546 bis
943 1481 1063 1546 duobus

102 1587 176 1648 locis
195 1586 233 1650 de
253 1609 315 1649 una
334 1588 501 1671 eademque
521 1610 555 1649 re
575 1609 684 1651 sermo.

58 1693 204 1776 9111ud,
224 1693 262 1759 de
284 1714 345 1776 quo
365 1697 426 1757 iam
448 1697 480 1755 in
500 1716 569 1778 epp.
591 1694 690 1768 ch,
713 1715 738 1762 t.

65 1822 102 1859 ro
122 1801 250 1861 Dierum
272 1822 328 1874 xx,
360 1812 395 1862 ut
420 1802 480 1862 Dio
500 1800 652 1875 XXXIX,
672 1798 725 1878 533
745 1811 775 1863 et
797 1801 906 1863 Caesar
926 1802 958 1861 Β.
981 1801 1062 1862 Gall.

101 1907 156 1978 IV,
177 1907 217 1990 39
246 1918 369 1980 narrat,
398 1907 518 1971 Caesari
544 1907 754 1980 decretorum,
780 1907 821 1968 ob
848 1929 897 1970 res
925 1906 1004 1977 bena
1031 1911 1063 1970 ia

102 2013 258 2075 Britannia
277 2024 383 2095 gestas.

58 2142 98 2198 Ιιι
125 2119 244 2181 Scilicet
264 2122 461 2183 accusationis
482 2123 553 2205 (ep.
575 2122 659 2196 CLI,
680 2123 730 2200 a).
762 2121 828 2182 Non
852 2132 952 2182 autern
974 2119 1063 2183 abso-

103 2226 160 2286 luti
181 2237 267 2300 sunt,
287 2239 322 2289 ut
341 2228 495 2293 Manutius
516 2210 657 2312 putabat,
672 2228 774 2292 sedne
788 2229 921 2290 accusari
941 2226 1063 2309 quidem

103 2344 287 2415 potuerunt,
308 2356 402 2418 quum
423 2345 550 2418 propter
570 2336 801 2419 supplicationes
820 2336 966 2395 iustitium
979 2343 1063 2395 esset

102 2442 223 2505 Souara.
243 2442 304 2503 Per
323 2441 400 2507 illud
421 2443 607 2525 reliquosque
627 2441 835 2524 intelliguntur
855 2451 914 2503 tres
928 2441 977 2500 alii
992 2459 1064 2499 can-

101 2549 196 2611 didati
218 2549 410 2623 consulares,
430 2550 467 2617 de
488 2549 600 2633 quibus
621 2552 653 2611 in
671 2570 741 2633 epp.
762 2551 829 2621 cit,
850 2559 880 2609 et
901 2546 1017 2619 CLVl,
1037 2567 1064 2607 a.

66 2677 101 2715 η
123 2655 171 2716 Ad
192 2677 240 2742 ep.
262 2655 377 2728 CLVl,
400 2678 427 2718 2.

65 2763 101 2822 13
121 2761 180 2844 Ep.
201 2783 266 2846 sup.
288 2784 306 2822 o
327 2763 427 2835 med.,
456 2764 552 2825 CLlll
582 2765 645 2824 init.
676 2762 860 2831 loricandus
891 2761 994 2835 bonu,
1024 2758 1064 2823 ob

103 2868 245 2931 Sullanae
266 2869 448 2931 crudelitatis
469 2870 718 2935 recordationem.

65 2975 102 3049 14
121 2973 169 3034 De
190 2974 355 3049 dictatura,
375 2988 405 3038 et
425 2976 463 3040 de
483 2977 587 3041 tuturo
608 2976 755 3040 dictatore
774 2976 932 3059 Pompeio.

64 3080 102 3140 15
122 3081 205 3142 Fieri
226 3081 413 3147 dictatorem.

65 3186 101 3247 16
123 3186 155 3248 C.
177 3187 287 3250 Hirrus
307 3191 469 3264 Lucceius,
495 3190 555 3254 hoc
575 3213 622 3255 an.
642 3192 781 3256 tribunus
801 3189 842 3271 pl·
863 3187 993 3259 Auctor,
1016 3181 1065 3244 dl·

103 3304 240 3356 ctaturae
262 3298 497 3378 promovendae.

66 3423 99 3480 ¹7
121 3401 264 3467 Mausos
285 3415 392 3477 est,ut
405 3405 546 3467 Crassum
568 3407 728 3467 lunianum
749 3426 768 3466 a
786 3404 934 3465 dictatore
952 3417 1065 3483 propo·
1173 3476 1176 3483 ¹

101 3506 202 3569 nendo
223 3509 396 3573 deterreret.

65 3613 101 3674 18
122 3613 284 3689 Oratione,
305 3639 397 3700 quam
419 3618 458 3682 de
478 3622 588 3702 scripto
608 3621 760 3691 recitavit,
781 3615 832 3677 sed
849 3637 868 3676 a
881 3635 930 3675 me
944 3613 1062 3692 scripta.

103 3720 220 3782 Ernest.
264 3742 267 3751 ’

64 3846 99 3907 19
120 3827 181 3887 Lex
203 3830 315 3890 scilicet
334 3831 371 3891 dc
391 3831 539 3894 dictatura
560 3856 577 3894 a
599 3831 776 3895 satellitibus
796 3828 945 3941 Pompeii.

103 3949 212 4016 Crosa.
235 3953 295 4017 IV.
317 3990 354 4003 -
377 3957 453 4020 Lett.
482 3959 517 4019 Τ.
539 3957 604 4020 III.
906 3970 942 4011 aa
