2632 4852
247 328 319 423 334
607 344 880 396 snuonsrsouns

284 458 388 537 rigunt
407 473 443 512 ne
463 448 593 534 tepttom
612 447 847 532 quotiescum,
875 470 934 530 pm
966 471 1008 515 ne
1038 447 1158 531 aliquid
1178 450 1253 533 lepi-

284 561 393 621 darum
413 579 516 621 rerum
547 567 721 641 spargatur,
751 567 783 618 et
802 556 866 621 aliis
887 559 1071 634 innotescam
1088 558 1153 619 alii
1179 560 1252 642 tepi-

283 667 377 741 dum,
404 688 464 749 quo
491 682 537 725 scs
559 663 665 738 cadas,
684 663 734 725 vel
753 684 801 724 ms
818 662 935 726 cedant.
953 663 985 726 C.
1001 664 1150 747 flagrum
1176 666 1250 750 ufir-

283 777 359 850 mia3
379 775 457 836 conf.
478 795 526 857 ep.
547 773 646 846 CLII,
667 793 693 832 2.

244 884 266 960 4
284 882 430 943 Additum
450 893 481 942 et
499 885 534 941 et'
548 883 729 962 rescriptum
739 879 882 962 fecissent
899 900 936 940 ex
950 879 1039 942 codd.
1052 880 1248 965 Maiaspinae.

283 990 379 1051 Antea
408 990 470 1070 ipse
497 1009 568 1048 suus
587 1022 627 1034 -
637 985 776 1068 ficisset,
808 1007 942 1069 quorum
972 987 1119 1048 ultimum
1152 999 1250 1050 tamen

284 1096 360 1157 nibil
382 1107 440 1167 est,
461 1093 544 1177 quod
564 1093 782 1177 improbemus.

244 1203 327 1264 5Et
345 1202 405 1263 boc
424 1223 443 1262 a
462 1200 646 1284 Malaspina;
669 1201 800 1262 aliorum
824 1200 894 1262 libri
921 1213 962 1263 ut.
985 1202 1060 1263 Mox
1081 1202 1154 1264 edd.
1176 1203 1247 1264 iens.

284 1310 358 1369 Min.
379 1319 409 1369 et
428 1306 496 1369 Aldi
517 1307 578 1368 HS
596 1306 801 1390 quadraginta.

243 1415 344 1476 6Nisi
370 1415 461 1476 iidem
490 1417 703 1498 competitores
733 1415 894 1476 Memmius
926 1425 958 1476 et
987 1416 1148 1476 Domitius
1179 1415 1245 1476 Cal·

286 1524 373 1582 vinus
399 1533 459 1582 tres
491 1543 620 1602 augures
647 1523 802 1594 stitissent,
831 1524 883 1603 qui
905 1532 992 1583 testes
1012 1521 1172 1594 dicerent,
1191 1534 1242 1583 etc

285 1628 391 1706 Quum
422 1627 469 1688 lex
501 1627 540 1688 ad
569 1628 720 1711 populum
747 1626 923 1702 ferebatur,
944 1630 1044 1711 inquit
1071 1629 1248 1700 Manutius,

285 1734 411 1795 aderant
441 1755 560 1795 necesse
587 1745 674 1808 erat,
700 1737 751 1818 qui
779 1734 930 1809 dicerent,
954 1735 1046 1797 licere
1066 1756 1126 1818 per
1148 1739 1247 1797 lovem

283 1843 382 1922 legem
401 1841 482 1902 ferri.
503 1843 579 1902 Tres
599 1853 699 1903 autem
720 1842 826 1925 plane,
846 1863 942 1925 quum
962 1843 1015 1903 Iex
1034 1845 1157 1904 cunata
1174 1844 1249 1904 sere·

283 1948 391 2021 batur,
410 1950 482 2030 quia
502 1969 566 2013 xxx
587 1947 697 2010 Curiae
717 1960 778 2010 tres
797 1960 913 2012 veteres
933 1946 1048 2011 Tribus
1073 1970 1250 2032 repraesen-

283 2055 400 2118 tabant.
420 2051 546 2120 Veteres
572 2067 674 2117 autem
694 2053 808 2117 Tribus
828 2075 919 2117 suum
939 2077 1081 2138 quaeque
1104 2077 1249 2139 augurem

252 2188 256 2193 ·
286 2161 448 2224 habebant
469 2163 631 2224 Memmius
651 2173 682 2224 et
700 2164 854 2225 Domitius
874 2163 1067 2224 consulatum
1085 2164 1121 2223 in
1142 2183 1250 2224 annum

284 2271 454 2331 venientem
474 2270 675 2343 affectabant,
696 2270 833 2341 consules
853 2282 954 2332 autem
981 2268 1075 2331 buius
1096 2273 1172 2331 anni
1191 2260 1249 2352 Ap-

285 2379 354 2460 pius
377 2375 526 2455 ¹Claudius
557 2388 588 2438 et
612 2379 766 2439 Domitius
793 2377 1015 2439 Ahenobarbus
1036 2378 1136 2439 functi
1157 2377 1249 2458 magi·

286 2494 382 2545 stratu
394 2486 584 2566 provinciam
604 2484 798 2567 expetebant;
817 2484 890 2546 hinc
908 2485 953 2546 illi
975 2484 1039 2545 duo
1059 2486 1146 2568 pacti
1166 2493 1248 2554 sunt,

286 2590 310 2649 si
331 2591 520 2652 consulatum
541 2592 678 2653 obtinere
698 2595 771 2675 ipsis
791 2593 908 2664 liceret,
928 2614 960 2654 se
981 2572 1112 2652 daturos
1133 2591 1248 2670 exlege

285 2698 418 2768 curiata,
446 2698 495 2757 vel
526 2720 561 2758 ex
592 2699 673 2758 scto
698 2701 927 2780 provinciarum
958 2699 1247 2759 administrationem

287 2799 477 2879 consulibus3
497 2805 546 2864 vel
566 2808 591 2865 si
610 2802 671 2865 boc
691 2825 753 2865 non
772 2816 910 2888 possent,
931 2804 984 2864 HS
1008 2804 1213 2886 quadragena.

246 2927 264 2986 7
285 2908 423 2988 Augures
443 2911 536 2990 igitur
554 2914 654 2992 pretio
674 2922 761 2972 erant
780 2909 966 2983 adducendi,
992 2920 1029 2970 ut
1048 2910 1146 2970 latam
1166 2929 1247 2969 men-

284 3017 421 3076 tirentur.
453 3017 521 3078 Non
546 3016 657 3080 licebat
684 3030 786 3080 autem
812 3021 876 3080 sine
896 3019 1014 3078 curiata
1034 3016 1102 3098 lege
1123 3016 1248 3077 militare

282 3124 447 3205 imperium
476 3127 508 3184 in
540 3128 703 3206 provinciis
734 3125 849 3188 babere
880 3127 970 3209 (epp.
991 3125 1175 3197 CXLVIII,
1199 3144 1247 3196 ¹23

283 3229 432 3303 CXLIX,
451 3231 504 3311 6).
524 3233 642 3294 Manat.
670 3234 754 3296 Haec
773 3245 874 3296 autem
895 3233 989 3295 verba
1008 3232 1146 3315 intellige
1173 3231 1247 3292 dicta

284 3357 303 3396 a
323 3336 485 3411 Cicerone,
505 3360 565 3400 oon
586 3363 664 3422 quae
689 3343 722 3402 in
751 3344 890 3423 pactione
922 3350 1041 3412 essent,
1071 3350 1111 3400 ut
1136 3338 1246 3407 atille,

284 3464 362 3524 quae
383 3457 566 3527 sequuntur,
583 3470 674 3531 quum
693 3453 810 3511 omniuo
823 3471 860 3510 nc
870 3460 989 3510 senatus
1001 3446 1126 3530 quidem
1136 3445 1244 3532 suisset.

246 3546 266 3608 8
287 3549 456 3633 Hervagius
477 3566 507 3615 et
525 3556 633 3615 Lamb.
654 3570 683 3617 et
701 3557 794 3631 duos,
813 3579 875 3618 non
894 3557 1074 3618 necessario.

242 3677 264 3734 9
284 3657 372 3733 Quae
392 3662 565 3723 consulibus
585 3667 763 3745 magistratu
782 3667 892 3726 functis
912 3663 1136 3725 adtribucndae
1155 3669 1242 3723 erant·

284 3762 446 3828 scribendo
458 3768 597 3851 adfuisse,
614 3773 726 3833 scilicet
746 3786 864 3836 senatus
879 3773 1017 3834 consulto
1031 3792 1146 3835 nomen
1159 3785 1241 3832 suum

283 3877 475 3955 apposuisse,
496 3899 558 3960 quo
577 3881 613 3941 iis
634 3884 806 3963 provinciae
826 3880 1029 3944 traderentur.
