2632 4852
170 306 235 399 rol
479 327 647 377 rrrsronr
674 329 817 376 cxnvnr.
936 326 966 376 Δ.
984 330 1018 376 v.
1035 331 1065 377 c.
1082 319 1132 380 699

161 457 267 530 num,
292 445 327 505 et
352 429 541 530 compellar
565 429 711 502 iniuriis:
738 427 836 502 facile
861 430 998 528 patior,
1030 456 1072 503 ea
1097 457 1154 504 me

162 557 206 631 de
238 583 275 630 re
306 554 446 656 publiea
482 557 609 629 sentire
645 580 685 627 ao
723 553 857 653 dicere,
890 580 977 656 quae
1003 557 1153 629 maxime

161 709 269 785 quum
300 681 407 782 milri,
438 695 513 755 tum
544 682 648 754 etiam
668 682 713 731 ¹¹⁵
739 681 787 752 rei
819 679 979 780 publicae
1009 682 1155 755 rationi-

160 808 226 883 bus
251 822 372 908 putem
404 806 606 881 conducere.
638 805 802 905 Apertius
831 819 948 879 autem
972 805 1061 879 haec
1087 833 1154 906 ago

164 961 204 1009 ac
229 935 383 1034 saepius,
408 931 504 1033 quod
527 945 562 1004 et
587 933 739 1024 Quintus
764 931 869 1005 frater
896 957 993 1005 meus
1016 931 1153 1030 legatus

161 1076 214 1135 est
238 1061 410 1158 Caesaris,
435 1072 470 1130 et
492 1056 627 1130 nullum
652 1082 767 1130 meum
791 1057 973 1130 minimum
999 1058 1153 1157 dictum,

159 1214 234 1262 non
257 1186 365 1261 modo
389 1185 536 1282 factum,
560 1209 626 1285 pro
651 1185 797 1258 Caesare
821 1183 1032 1282 intercessit,
1057 1182 1155 1284 quod

159 1313 217 1386 ille
249 1339 321 1388 non
356 1312 406 1384 ita
437 1310 561 1383 illustri
594 1310 702 1408 gratia
721 1312 769 1362 ¹¹⁶
799 1310 990 1410 exceperit,
1021 1322 1064 1382 ut
1087 1335 1154 1407 ego

161 1465 241 1511 eum
264 1437 351 1509 mihi
375 1437 576 1509 devinctum
608 1449 776 1537 putarem.
808 1437 931 1535 Itaque
956 1435 1029 1507 eius
1055 1435 1152 1508 omni

160 1577 196 1636 et
220 1564 345 1663 gratia,
371 1588 459 1664 quae
485 1588 620 1636 summa
646 1576 715 1660 est,
748 1575 784 1634 et
815 1560 959 1662 opibus,
988 1586 1075 1661 quas
1099 1561 1152 1634 in-

160 1688 284 1788 telligis
309 1714 383 1762 esse
407 1690 592 1786 maximas,
608 1688 658 1760 sic
681 1687 792 1785 fruor,
807 1699 848 1759 ut
862 1687 958 1759 meis.
974 1686 1050 1760 Nee
1065 1685 1153 1757 mihi

160 1815 258 1889 aliter
282 1816 435 1916 potuisse
461 1814 584 1889 videor
607 1813 789 1887 hominum
814 1811 1086 1913 perditorum¹¹⁷
1107 1811 1179 1884 de'⁴

158 1966 215 2013 me
243 1938 385 2013 consilia
409 1939 582 2038 frangere,
607 1940 674 2012 nisi
693 1964 773 2011 cum
789 1935 969 2037 praesidiis
984 1937 1046 2036 iis,
1061 1961 1151 2038 quae

159 2091 297 2166 semper
321 2065 449 2165 habui,
472 2091 566 2138 nunc
591 2065 696 2138 etiam
720 2063 917 2165 potentium
945 2061 1150 2136 benivolen-

159 2192 242 2264 tiam
267 2192 530 2265 coninnxissem.
556 2191 621 2265 His
646 2215 711 2289 ego
736 2187 906 2287 consiliis,
934 2190 964 2262 si
989 2202 1025 2261 te
1049 2214 1151 2290 prae-

159 2331 294 2391 sentem
327 2316 526 2426 habuissem
538 2372 548 2416 ,
580 2330 622 2389 ut
654 2317 773 2416 opinio
807 2340 884 2387 mea
916 2314 1003 2414 lert,
1040 2341 1151 2387 essem

102 2523 104 2525 ¹
159 2467 241 2514 usus
265 2441 406 2514 eisdem.
441 2443 535 2516 Novi
560 2443 653 2514 enim
677 2441 943 2541 temperantiam
968 2453 1004 2511 et
1029 2439 1150 2513 mode·

157 2567 328 2637 rationem
352 2581 495 2639 naturae
521 2580 622 2640 tuae:
657 2567 742 2642 novi
774 2566 927 2638 animum
960 2578 1038 2637 tum
1062 2562 1149 2636 mihi

158 2691 426 2792 amicissimum,
458 2706 533 2766 tum
564 2691 661 2765 nulla
692 2693 730 2765 in
755 2706 889 2765 ceteros
913 2689 1150 2764 malivolentia

160 2814 327 2889 suffusum
334 2872 344 2917 ,
370 2832 559 2921 contraque
586 2844 693 2921 quum
717 2844 883 2917 magnum
907 2830 944 2889 et
960 2815 1151 2915 excelsum,

157 2955 233 3028 tum
257 2944 362 3016 etiam
387 2958 546 3046 apertum
571 2960 606 3018 et
630 2943 832 3045 simplicem.
849 2941 934 3015 Vidi
948 2969 1025 3042 *ego
1049 2969 1149 3044 quos·

157 3065 238 3139 dam
263 3069 299 3140 in
324 3083 359 3143 te
383 3069 486 3168 tales,
511 3069 629 3172 quales
654 3085 693 3144 tu
718 3069 860 3143 eosdem
883 3069 921 3140 in
946 3094 1003 3140 me
1028 3068 1147 3142 videre

63 3261 66 3265 ,
155 3194 309 3291 potuisti.
335 3196 435 3287 Quae
458 3221 515 3268 me
539 3209 741 3293 moverunt,
756 3195 949 3269 movissent
972 3193 1099 3267 eadem
1114 3207 1147 3264 te

156 3319 326 3418 profecto.
352 3322 438 3421 Sed,
462 3349 681 3425 quocumque
706 3309 864 3423 tempore
888 3321 975 3394 mihi
991 3334 1146 3422 potestas

155 3447 347 3542 praesentis
372 3449 424 3524 tui
448 3448 567 3550 suerit,
597 3464 635 3523 tu
670 3450 737 3524 eris
765 3448 922 3522 omnium
945 3446 1146 3521 moderator

155 3556 381 3646 'consiliorum
410 3600 585 3648 meorum:
618 3575 682 3649 tibi
713 3576 778 3648 erit
808 3573 937 3671 eidem,
969 3573 1027 3644 cui
1057 3557 1144 3645 salus

156 3719 234 3766 mea
258 3697 339 3798 fuit,
364 3701 468 3810 etiam
493 3700 641 3799 dignitas
666 3727 777 3774 curae.
802 3701 861 3774 Me
886 3698 1030 3802 quidem
1055 3711 1143 3773 certe

158 3831 294 3896 tuarum
320 3826 513 3926 actionum,
537 3830 800 3926 sententiarum,
829 3828 1070 3926 voluntatum,
1093 3851 1141 3899 re·
