2632 4852
164 328 210 400 32
487 348 657 400 srrsroua
682 349 832 399 cxxxvii.
937 345 968 396 s.
983 348 1017 397 v.
1037 347 1065 396 c.
1080 348 1131 410 s„

163 441 390 549 deo-velim,
416 450 560 525 domum
585 451 631 525 ad
656 453 723 525 te³
748 449 903 549 scribas,
928 462 969 522 ut
991 448 1079 523 mihi
1103 453 1157 523 tui

161 574 241 651 libri
265 589 426 678 pateant,
449 578 522 651 noo
547 602 664 676 secus,
681 603 722 651 ac
739 577 768 650 si
784 577 859 677 ipse
877 574 1031 674 adesses,
1048 574 1157 676 quum

27 754 30 761 ·
162 704 283 804 ceteri,
308 717 384 777 tum
407 696 576 777 Varronis
592 702 617 774 4.
652 704 718 780 Est
751 702 845 791 enim
874 699 961 775 mihi
984 700 1156 775 uteudmn

161 816 369 935 quibusdam
404 826 507 907 rebus
543 853 586 909 ex
623 829 665 901 iis
696 827 794 901 libris
819 826 865 900 ad
890 852 972 927 eos,
1004 850 1096 928 quos
1119 827 1155 900 in

158 949 328 1029 manibus'
343 951 458 1032 habeo
475 955 507 1029 5:
533 979 639 1054 quos,
663 966 704 1027 ut
727 976 848 1053 spere,
865 950 929 1025 tibi
948 949 1053 1027 valde
1077 976 1155 1053 pro·

142 1078 260 1181 ²beh0.
288 1081 345 1155 Tu
369 1077 475 1153 velim
490 1081 517 1177 ⁶,
540 1079 572 1152 si
596 1077 685 1180 quid
707 1078 797 1152 forts
821 1077 906 1154 novi
929 1074 1057 1174 habes,
1081 1102 1154 1150 ma·

158 1206 250 1278 xime
275 1231 296 1279 a
321 1205 456 1298 Quinto
481 1203 585 1279 fratre
603 1222 629 1304 ⁷,
654 1201 781 1276 deinde
805 1229 827 1276 a
851 1201 890 1276 C.
915 1200 1089 1300 Caesare,
1121 1215 1154 1274 et

159 1330 190 1402 si
215 1329 300 1430 quid
323 1329 412 1404 forte
437 1317 488 1403 de¹
507 1319 679 1429 comitiis,
712 1328 756 1402 de
789 1321 1010 1428 republica,
1035 1325 1153 1416 (soles

158 1455 252 1528 enim
276 1468 316 1528 tu
339 1455 427 1531 haec
452 1455 608 1529 festive⁸
640 1454 808 1543 odorari)
841 1451 971 1526 scribas
1006 1450 1052 1526 ad
1077 1435 1166 1550 me3'

156 1581 187 1679 si
210 1579 299 1654 nihil
320 1579 480 1680 habebis⁷
496 1594 614 1654 tamen
630 1579 761 1654 scribas
785 1577 924 1680 aliquid
940 1576 1150 1691 'Numquam

157 1707 251 1795 erum
276 1704 363 1786 mihi
387 1720 447 1784 tua
471 1705 618 1806 epistola
643 1719 704 1779 aut
727 1694 990 1804 intempestiva,
1016 1716 1078 1785 aut
1102 1702 1151 1778 lo·

158 1856 250 1931 quax
274 1832 349 1906 visa
367 1845 436 1912 est.
467 1831 618 1905 Maxime
654 1845 773 1904 autem
797 1813 903 1929 rogo,
933 1828 1039 1914 rebus
1065 1831 1151 1928 tuis,

157 1966 304 2058 totoque
328 1958 450 2031 itinere
476 1984 519 2030 ex
543 1957 715 2031 sententia
741 1955 919 2054 consecto,
942 1981 1010 2032 nos
1036 1981 1150 2056 quam·

156 2084 310 2181 primum
334 2085 470 2159 revisas.
496 2085 738 2183 Dionysium9
761 2081 843 2157 iube
868 2080 1012 2162 salvere,
1043 2083 1148 2178 Cura,

156 2221 197 2280 ut
222 2209 346 2284 valeas.
1103 2219 1108 2227 '

528 2441 770 2542 CXXXVIII.
842 2502 901 2561 (sa
915 2502 946 2561 Q.
957 2502 1011 2548 sne
1026 2501 1064 2561 11,
1082 2500 1127 2559 η)

157 2637 375 2717 Argumentum.
394 2639 518 2705 Nuntiat
537 2661 568 2705 se
587 2639 701 2707 librum
730 2639 768 2701 de
794 2660 826 2700 re
855 2635 978 2722 publiea
1002 2634 1145 2705 scribere3

160 2761 177 2799 .'
198 2744 314 2821 Quinto
335 2765 458 2825 operam
477 2748 510 2807 in
529 2747 678 2820 mandatis
703 2748 767 2809 eius
793 2742 1007 2827 persequendis
1027 2741 1144 2824 pollice-

196 2859 266 2926 tur3
288 2849 408 2911 Orfium
429 2863 459 2913 et
479 2847 658 2914 Trebatium
680 2849 878 2912 commendat.

167 3055 220 3106 Sor.
238 3056 265 3112 in
282 3056 396 3110 Cumano
414 3058 455 3113 vel
473 3059 628 3128 Pompeiano
646 3057 676 3115 A.
694 3057 728 3110 V.
741 3055 775 3111 ,C.
793 3053 937 3118 nexem,
957 3069 1045 3106 mense
1063 3050 1134 3104 Maio.

431 3272 589 3338 urreis
615 3274 652 3354 Q.
677 3252 819 3336 resim
844 3270 873 3333 s,

202 3462 298 3533 Duas
324 3459 438 3534 adhuc
464 3489 484 3534 a
509 3475 544 3533 te
570 3462 689 3561 accepi
715 3458 895 3560 epistolas,
920 3482 1070 3558 quarum
1103 3453 1145 3527 al·

154 3573 295 3658 teram¹
323 3587 360 3658 in
385 3587 463 3687 ipso
490 3587 642 3661 discessu
667 3599 806 3685 nostro,
832 3584 976 3660 alteram
992 3581 1145 3656 Arimino

156 3707 281 3815 datam.
307 3712 444 3813 Plures⁷
471 3731 585 3816 quas²
612 3713 732 3786 scribis
758 3727 794 3784 te
820 3711 975 3819 dedisse,
1000 3734 1075 3782 non
1100 3705 1146 3778 ac'-

155 3859 322 3933 ceperam
349 3841 427 3937 Ego
444 3867 499 3914 me
516 3841 553 3914 iu
570 3842 728 3915 Cumano
746 3853 782 3911 et
799 3824 1039 3936 Pompeiano,
1056 3855 1144 3933 pree·
