2632 4852
522 340 560 386 nr
584 335 773 387 arrsroms
1074 316 1144 391 353

189 461 267 523 quae
280 442 339 499 tria
352 443 376 498 si
389 438 439 497 hic
452 437 599 519 explicare
613 439 736 511 vellem,
757 439 846 498 nimis
865 438 974 520 longus
995 461 1103 511 essem,
1117 454 1146 502 et

188 546 265 606 nibil
291 544 331 605 ad
350 543 439 604 huius
466 544 524 603 loci
552 548 720 605 institutum
738 546 909 627 pertineret.
931 545 1023 623 Quod
1044 557 1146 606 autem

189 652 282 713 modo
304 651 386 722 facit,
407 650 438 711 id
458 650 546 710 allert
570 651 732 712 Manutius.
759 652 879 712 locatur
905 672 1015 734 nempe
1041 652 1147 713 Cicero

187 780 259 821 cum
272 757 434 830 Trebatio,
455 768 610 838 tamquam
631 778 700 818 cum
720 757 843 818 bomine
863 757 972 818 bellica
985 761 1148 833 certamina

189 864 318 926 libenter
331 866 451 925 vitante.
472 864 661 946 Numquam,
681 867 739 936 ait,
759 864 798 924 ad
811 875 840 924 te
853 864 1015 946 pertinebit
1035 865 1086 925 illa
1100 887 1149 927 ex·

190 973 305 1052 ceptio,
325 991 386 1051 qua
405 980 528 1052 praetor
538 973 572 1030 in
585 968 744 1030 interdicto
761 972 804 1030 uti
819 969 908 1030 solet:
932 968 1015 1052 qnod
1028 983 1058 1030 tu
1068 972 1152 1052 pn'or

140 1094 155 1104 ‘
190 1079 218 1137 vi
237 1078 398 1138 dominibus
417 1078 537 1137 ornantis
550 1097 734 1157 quemquam
749 1077 786 1137 de
799 1080 984 1158 possessione
1000 1078 1148 1139 deieceris.

190 1183 278 1243 Facit
299 1185 379 1243 enim
400 1194 453 1244 tua
473 1184 632 1256 timiditas,
651 1205 690 1244 ne
711 1204 801 1264 quem
822 1184 907 1266 prior
927 1183 1035 1244 laedas.

152 1288 191 1350 15
212 1290 262 1349 Sic
283 1289 394 1349 Schiitz
415 1300 444 1350 et
466 1289 599 1351 Clericus
620 1289 761 1350 omnibus
781 1289 843 1350 fere
863 1289 933 1352 VV.
952 1290 1020 1350 DD.
1049 1301 1152 1351 aucto-

189 1394 284 1455 ribus.
306 1395 407 1476 Vulgo
428 1417 487 1457 non
507 1397 630 1468 veneris,
650 1397 749 1455 minus
770 1405 858 1457 recte.
883 1397 959 1472 llam
978 1407 1101 1478 praetor
1121 1400 1166 1458 in1

190 1501 351 1562 interdicto
371 1523 442 1562 eum
466 1501 692 1583 alloquebatur,
720 1503 771 1583 qui
793 1502 878 1562 alteri
906 1504 968 1562 vim
990 1503 1154 1575 intulisset,

189 1607 320 1668 alterum
341 1607 493 1670 deiecisset
511 1607 686 1668 bominibus
706 1611 844 1679 armatis,
862 1610 975 1689 quique
988 1619 1152 1690 propterea

190 1717 277 1796 prior
297 1716 431 1776 venisset.
453 1716 568 1775 Manat.
589 1717 616 1775 h.
637 1716 757 1775 arrasa
776 1717 957 1790 convenerim
977 1717 1137 1796 ingeniose.

153 1819 191 1882 16
212 1819 344 1894 Nostris,
362 1824 462 1903 inquit
479 1823 604 1893 iocans,
619 1824 690 1902 quia
712 1819 855 1881 ictorum
875 1823 1030 1882 cautiones
1049 1832 1154 1892 erant,

191 1937 224 1987 et
237 1938 390 1987 oratorem
411 1947 518 1988 cavere
539 1927 645 1987 lCtum
660 1927 771 1986 mirum
784 1926 912 1986 videtur.
925 1926 1041 1988 Manat.
1057 1927 1089 1986 si
1105 1949 1155 1988 no·

192 2034 259 2092 stris
279 2054 384 2094 verum
406 2044 466 2106 est,
486 2036 559 2095 erit:
582 2031 788 2107 cautionibus,
809 2031 920 2114 quibus
937 2053 992 2093 nos
1005 2030 1144 2093 homines

192 2141 293 2220 quiin
312 2161 348 2202 re
366 2139 450 2222 publ.
467 2160 642 2213 versamur,
662 2139 793 2201 solemus
813 2141 926 2199 sumt
944 2141 1038 2198 nostri
1060 2149 1154 2220 quart.
1248 2200 1251 2207 ,

121 2260 125 2268 ’
192 2245 255 2306 Zel.
275 2246 315 2317 B,
334 2246 401 2308 edd.
422 2257 493 2309 vett.
513 2258 543 2308 et
563 2246 643 2308 Vict.
664 2247 762 2307 vestris
781 2245 892 2326 legunt.
915 2242 1021 2304 bamb.
1041 2243 1079 2304 de
1100 2265 1154 2304 no-

192 2354 263 2412 stris
281 2353 465 2414 cautionibus
484 2374 512 2415 α.

155 2480 191 2540 17
213 2458 255 2518 Et
279 2458 390 2520 Treviri
407 2471 438 2521 et
456 2461 599 2544 capitales
619 2463 651 2520 in
664 2460 808 2542 ambiguo
829 2479 937 2541 genere
959 2469 1029 2518 sum
1048 2460 1154 2539 posita.

192 2565 272 2624 Nam
297 2587 393 2647 quum
419 2568 557 2629 videatur
583 2551 707 2628 monere
734 2568 837 2639 illum,
864 2576 898 2627 ut
927 2568 1003 2626 vitet
1026 2562 1157 2624 licoisas

195 2668 315 2731 Gallitae
332 2673 480 2755 populos,
508 2676 560 2755 qui
585 2675 728 2757 capitales
753 2673 948 2754 bellicosique
975 2675 1051 2743 sint,
1079 2670 1158 2731 ludit

193 2797 291 2856 quum
312 2780 344 2837 in
369 2778 568 2851 Trevirorum,
593 2792 659 2841 tum
685 2783 717 2840 in
744 2779 914 2862 capitalium
933 2774 1037 2840 verbo.
1062 2777 1159 2836 Erant

193 2884 276 2942 enim
296 2883 412 2945 Romae
433 2889 643 2967 magistratus,
663 2887 831 2947 Triumviri
847 2885 989 2967 capitales
1012 2885 1157 2963 (carceris

193 2988 349 3049 custodiae
375 2990 552 3072 praefecti),
574 2994 625 3073 qui
647 2993 739 3051 etiarn
761 2991 881 3052 Treviri
896 2989 1082 3050 dicebantur.
1098 2987 1157 3047 Sed

193 3097 340 3174 quoniam
360 3095 421 3157 boc
440 3101 540 3181 ipsum
555 3099 765 3158 Triumvirllm
785 3118 897 3158 nomen
917 3100 1027 3156 iterum
1048 3097 1079 3154 in
1093 3114 1156 3154 am-

192 3199 290 3280 biguo
310 3206 383 3285 poni
404 3215 540 3285 poterat,
561 3226 656 3286 quum
671 3215 767 3265 essent
782 3208 877 3266 ¹etiam
899 3202 981 3285 apud
1002 3202 1157 3260 Romanos

195 3305 364 3369 Triumviri
391 3312 537 3391 pecuniae
570 3311 742 3384 cudendae,
772 3332 848 3392 quos
873 3313 915 3369 ita
941 3304 1158 3369 inscribebant:

194 3412 251 3471 lll.
272 3412 310 3474 V.
322 3416 356 3474 A.
372 3417 405 3476 A.
421 3419 454 3476 A.
476 3417 511 3478 F.
533 3419 582 3490 F,
603 3417 662 3479 hoc
683 3430 728 3479 est
753 3418 922 3488 Triumviri,
936 3414 1035 3486 Auro,
1048 3411 1160 3492 Argen-

195 3529 245 3590 ῑθ»
257 3518 336 3580 14⁶?ss
342 3564 352 3592 ,
353 3521 479 3603 stando,
494 3522 655 3604 firiundo,·
675 3528 792 3585 iocatur
805 3527 915 3584 iterum
930 3525 962 3581 in
975 3520 1034 3580 boc
1050 3517 1160 3590 verbo,

194 3621 335 3706 luditque
349 3628 471 3702 Cicero,
492 3640 527 3691 ut
539 3629 614 3692 milri
629 3632 752 3712 quidem
767 3631 901 3699 videtur,
919 3627 1095 3695 bellissime,
1109 3624 1161 3683 ad-

195 3728 284 3790 dens:
306 3732 427 3794 mallem
441 3736 585 3798 Treviros
606 3739 678 3798 istos
692 3759 754 3798 esse
775 3738 969 3819 pecuniosos,
990 3751 1082 3814 quam
1096 3729 1161 3789 bel-

195 3835 323 3910 licosos,
341 3850 390 3912 ut,
411 3841 538 3903 Caesare
560 3863 611 3903 eos
633 3845 786 3918 vincente,
807 3855 840 3903 tu
862 3842 1028 3903 ditesceres.
1055 3838 1160 3918 ltaque

198 3958 311 4024 Crcan.
331 3962 396 4027 IV.
418 3999 457 4010 —
479 3965 555 4030 terr.
582 3968 618 4030 Τ.
641 3967 705 4028 ΙΙΙ.
1003 3970 1040 4027 23
