2632 4852
203 314 271 414 176
367 298 370 303 ⁵
551 337 722 386 sersaoni
747 339 838 386 cmv.
971 338 1003 389 t.
1017 342 1051 391 v.
1069 344 1099 389 c.
1114 340 1164 394 sm

245 436 267 512 5
292 443 345 518 De
375 438 495 538 libris,
526 426 707 539 Tyrannio
740 451 793 512 est
831 448 984 512 cessator
1003 439 1049 517 ¹4:
1076 443 1193 543 Chry·

195 567 298 667 cippo
316 564 430 638 dicam
436 593 447 663 3
473 563 536 639 sed
559 591 614 638 res
632 589 780 665 operosa
796 577 863 663 est,
887 577 924 637 et
938 564 1091 640 bominis
1109 594 1190 667 per-

194 689 375 790 diligentis.
401 690 521 764 Sentio
546 690 638 793 ipse,
664 691 777 795 quiin
794 715 930 764 summo
956 690 1074 765 studio
1099 692 1184 766 nibil

193 842 365 923 assequor.
397 818 450 890 De
474 817 608 889 Latinis
632 841 737 915 vero,
770 841 841 923 quo
865 840 922 888 me
954 830 1108 917 vertam,
1130 844 1188 891 ne-

192 943 283 1017 scio:
307 943 358 1015 ita
381 941 550 1019 mendose
575 955 612 1015 et
637 941 852 1040 scribuntur,
877 955 912 1014 et
937 957 1108 1049 veneunt}
1127 943 1187 1019 sed
1310 1032 1314 1047 Ι

192 1080 324 1167 tamen,
348 1067 446 1168 quod
469 1069 544 1141 lieri
568 1067 716 1167 poterit,
739 1093 815 1142 non
838 1068 1019 1167 negligam.

240 1195 266 1268 6
291 1192 469 1292 Crebrius,
493 1207 534 1266 ut
559 1207 639 1266 ante
657 1193 702 1267 ad
720 1207 754 1266 te
771 1194 894 1293 scripsi
907 1197 949 1293 ¹⁵,
964 1195 1096 1269 Romae
1116 1209 1187 1268 est:

191 1319 312 1418 etqui
337 1320 454 1392 omnia
481 1317 659 1418 adimant,
683 1317 811 1392 debere
835 1318 900 1391 tibi
925 1318 1028 1393 valde
1060 1345 1187 1394 renun-

191 1444 281 1519 tiant
299 1447 339 1516 ¹⁶.
364 1443 419 1521 Ab
453 1444 585 1523 aerario
616 1457 705 1546 puto
736 1443 936 1518 consectum
967 1469 1065 1544 esse,
1104 1444 1186 1518 dum

192 1568 323 1645 absum.

241 1725 262 1798 7
289 1697 450 1789 Quatuor
473 1696 669 1796 tragoedias
683 1712 711 1762 ¹⁷
730 1695 821 1770 XVI
846 1693 968 1769 diebus
993 1694 1183 1773 absolvisse

192 1848 301 1923 quum
317 1821 463 1922 scribas,
489 1836 528 1895 tu
551 1822 741 1924 ‹pridquam
758 1821 802 1895 ab
820 1819 888 1895 alio
905 1820 1092 1899 mutuarisl
1106 1825 1136 1873 ¹⁸
1152 1836 1185 1897 et

189 1951 273 2027 κλέος
298 1949 452 2049 quaeris,
476 1974 584 2049 quum
615 1947 792 2021 Electram
824 1961 860 2021 et
892 1947 1071 2024 Troadem
1101 1946 1182 2023 scri-

189 2073 320 2176 pserisl
346 2075 509 2147 Cessator
534 2099 608 2147 esse
632 2073 723 2146 noli:
749 2087 785 2147 et
816 2072 904 2146 illud
932 2079 1033 2170 γνῶθι
1064 2081 1183 2143 σεωτόν

188 2199 262 2273 noli
298 2213 420 2300 putare
454 2199 500 2272 ad
537 2201 770 2298 arrogantiam
805 2198 1034 2272 minuendam
1070 2198 1179 2273 solum

189 2340 269 2399 esse
290 2326 439 2424 dictum,
463 2352 585 2401 verum
610 2327 715 2399 etiam
746 2338 787 2399 ut
816 2325 912 2399 bona
942 2339 1065 2399 nostra
1090 2325 1181 2399 nori-

189 2476 275 2522 mus.
301 2450 372 2523 Sed
397 2464 434 2524 et
457 2453 558 2552 istas,
583 2464 619 2524 et
646 2452 838 2550 Erigonam
862 2451 948 2524 mihi
974 2450 1079 2525 velim
1102 2450 1178 2524 mit-

189 2589 251 2649 tas.
265 2575 393 2653 Habes
418 2575 464 2652 ad
483 2593 513 2649 ¹9
538 2577 624 2651 duas
649 2576 813 2684 epistolas
838 2577 1028 2682 proximas.

635 2829 742 2902 CLV.
883 2870 942 2930 (ss
956 2871 986 2930 Q.
1002 2874 1054 2918 cu
1069 2872 1110 2932 so,
1122 2871 1156 2930 ⁷)

187 3006 404 3084 Argumentum.
429 3028 439 3066 1
464 3007 606 3087 Magnam
626 3008 741 3068 Romae
760 3007 930 3089 proluviem
951 3007 1042 3068 fuisse
1062 3016 1176 3079 narrat3

227 3132 244 3169 2
265 3133 310 3182 se,
330 3115 354 3172 si
374 3113 503 3173 Romam
523 3113 658 3185 redierit,
670 3113 710 3173 ad
719 3113 842 3172 fratrem
856 3116 1058 3195 scripturum,
1073 3114 1176 3196 episto-

226 3216 329 3299 lasque
350 3216 389 3279 ad
408 3218 577 3281 Labienum
598 3232 628 3280 et
647 3221 805 3301 Ligurium
825 3221 988 3283 missurum
1010 3220 1141 3281 ostendit.

236 3386 290 3463 Ser.
308 3387 335 3438 in
351 3387 496 3441 Tusculano
513 3391 544 3441 A.
563 3390 595 3443 V.
614 3390 642 3444 C.
661 3391 803 3456 DCXClX,
821 3407 906 3443 meuse
923 3391 991 3449 Nou.
1009 3398 1127 3472 exeunte.

463 3539 620 3603 ulacvs
647 3543 683 3619 Q.
708 3540 850 3604 sulum
874 3541 905 3603 s,

239 3727 252 3771 1
281 3701 428 3803 Romae⁷
454 3719 488 3778 et
513 3709 661 3780 maxime
685 3710 801 3807 Appia
826 3707 872 3781 ad
897 3709 1020 3781 Martis
1040 3724 1064 3806 ¹,
1089 3707 1167 3778 mira

185 3824 367 3920 proluvies.
393 3833 607 3935 Crassipedis
633 3835 822 3908 ambulatio
840 3835 973 3933 ablata,
999 3834 1108 3929 horti,
1124 3843 1178 3903 ta·
