2632 4852
160 335 232 428 246
469 356 639 404 nrrsronr
665 355 832 404 cnmnr.
939 357 1016 403 nv.
1035 357 1063 404 c.
1083 373 1127 418 700

157 485 201 531 ne
228 460 396 531 sustinere
421 471 481 531 tua
505 460 542 529 in
567 484 622 530 me
648 456 816 530 beneficia
831 472 859 506 ¹¹
878 456 935 530 vel
959 459 1152 533 innumera-

156 584 239 657 bilia
271 609 344 657 non
368 609 524 685 possem:
557 611 664 685 quum
689 584 894 685 praesertim
919 585 1152 685 confiderem,

155 692 288 784 nullam
313 736 388 784 esse
414 711 559 808 gratiam
572 726 612 809 ¹²,
629 737 735 811 quam
753 735 826 783 non
848 709 905 783 vel
930 736 1058 810 capere
1083 713 1152 784 ani-

155 862 234 910 mus
259 862 356 909 meus
381 837 419 908 in
445 835 669 937 accipiendo,
684 835 742 910 vel
758 837 797 909 in
820 836 1080 912 remunerando
1099 864 1152 910 cu-

156 960 393 1062 mulandoque
418 961 589 1035 illustrare
609 963 638 1011 ¹³
663 974 792 1061 posset

125 1067 127 1087 ¹
207 1117 229 1162 2
254 1090 332 1185 Ego
357 1087 474 1159 omnia
498 1111 577 1159 mea
602 1085 735 1185 studia,
758 1110 898 1160 omnem
916 1110 1079 1187 operam,
1095 1114 1151 1160 cu-

158 1240 255 1311 ram,
278 1212 502 1310 industriam,
527 1212 797 1312 cogitationem,
824 1225 980 1285 mentem
1006 1211 1153 1314 denique

159 1363 301 1410 omnem
325 1339 362 1409 in
387 1338 528 1410 Milonis
554 1337 736 1411 consulatu
750 1338 780 1404 ¹4
797 1339 856 1410 fixi
880 1351 917 1410 et
938 1337 1075 1438 locavi3
1091 1340 1154 1412 sta·

158 1465 281 1566 tuique
305 1464 343 1536 in
368 1489 410 1536 eo
437 1489 492 1535 me
517 1488 590 1535 non
615 1463 721 1535 officii
740 1462 853 1537 solum
870 1463 1024 1538 linctum
1039 1467 1081 1565 ¹⁵,
1096 1464 1154 1538 sed

158 1590 264 1663 etiam
280 1589 420 1691 pietatis
436 1589 576 1663 laudem
594 1587 721 1663 debere
737 1614 911 1690 quaerere.
931 1589 1058 1692 Neque
1074 1616 1154 1665 rero

159 1716 323 1816 cuiquam
357 1713 506 1787 salutem
537 1741 578 1787 ac
614 1711 771 1788 fortunas
802 1740 883 1787 suas
908 1729 1031 1789 tantae
1056 1741 1154 1789 corae
1184 1741 1186 1744 ⁴

159 1841 263 1912 fuisse
287 1866 455 1941 umquam
479 1830 591 1942 puto,
629 1854 780 1941 quantae
800 1843 831 1893 ¹⁶
855 1839 942 1913 mibi
973 1841 1023 1913 sit
1046 1841 1155 1915 bonos

91 1970 95 1979 '
159 1966 256 2065 eins,
287 1967 325 2038 in
358 1991 427 2067 quo
461 1967 579 2038 omnia
609 1991 687 2039 mea
706 1981 735 2032 ¹⁷
760 1966 876 2065 posita
905 1991 982 2039 esse
1009 1966 1153 2041 decrevi.

158 2092 251 2171 Huic
277 2105 312 2164 te
336 2117 446 2163 unum
460 2091 494 2147 '¹⁰
520 2105 620 2164 tanto
644 2092 848 2165 adiumento
873 2118 966 2191 esse,
986 2094 1018 2166 si
1042 2070 1154 2169 volue

161 2219 226 2318 ris,
250 2244 354 2319 posse
379 2217 556 2317 intelligo,
587 2232 628 2290 ut
658 2217 746 2290 nihil
778 2219 825 2291 sit
849 2233 1034 2319 praeterea
1057 2219 1154 2294 nobis

159 2343 415 2445 requirendum.
440 2342 618 2417 Habemus
640 2345 727 2418 haec
745 2345 878 2418 omnia:
895 2344 1077 2421 bonorum
1092 2359 1155 2419 stu·

162 2467 284 2568 dium,
316 2468 539 2547 conciliatum
571 2496 614 2543 ex
646 2470 825 2544 tribunatu
844 2487 892 2571 ¹9,
922 2486 1075 2574 propter
1097 2497 1155 2545 no·

161 2608 286 2693 stram,
310 2609 351 2667 ut
375 2622 479 2696 spero
504 2611 540 2669 te
564 2595 777 2697 intelligere,
803 2623 962 2698 causam,
999 2599 1097 2699 vulgi
1118 2624 1154 2670 ac

160 2720 410 2822 multitudinis,
434 2737 581 2825 propter
605 2724 897 2823 magnificentiam
921 2708 1109 2800 munerum
1119 2739 1155 2822 ²⁰,

160 2844 471 2950 liberalitatemque
503 2864 669 2948 naturae,
701 2852 891 2942 iuventutis
923 2866 961 2924 et
991 2834 1154 2953 gratioso

160 2997 238 3045 rum
264 2974 301 3046 in
326 2972 496 3076 suffragiis
512 2975 718 3077 [studia]'²¹,
738 2974 885 3079 propter
909 2979 1023 3080 ipsius
1048 2977 1153 3052 excel-

160 3096 290 3173 lentem
322 3102 370 3179 in¹
385 3128 426 3175 eo
453 3128 577 3200 genere
595 3118 626 3154 ¹²
651 3103 709 3178 vel
734 3105 899 3204 gratiam,
929 3096 990 3179 vel
1015 3105 1153 3205 diligen·

162 3227 264 3325 tiamq
276 3229 739 3330 nostramsuffragationem,
753 3233 783 3304 si
796 3232 953 3306 minus²³
966 3245 1154 3332 potentem,
1181 3248 1184 3255 '

161 3365 198 3423 at
221 3354 407 3453 probatam
431 3370 565 3457 tamen,
590 3373 626 3432 et
650 3360 795 3456 iustam,
817 3373 855 3432 et
879 3358 1040 3434 debitam
1057 3357 1099 3458 ²4,
1121 3369 1153 3430 et

160 3490 345 3579 propterea
370 3479 515 3556 fortasse
540 3485 645 3558 etiarn
672 3486 867 3584 gratiosam.
896 3486 980 3558 Dux
998 3488 1031 3535 ²⁵
1056 3482 1151 3557 nobis

161 3615 197 3673 et
223 3617 344 3679 auctor
376 3633 465 3710 opus
498 3623 572 3709 est,
605 3624 641 3684 et
677 3638 797 3686 eorum
829 3624 1041 3710 ventorum,
1071 3633 1149 3711 quos

161 3734 347 3832 proposui,
370 3735 570 3812 moderator
587 3738 746 3840 quidam,
763 3753 798 3812 et
815 3739 913 3840 quasi
931 3737 1147 3836 gubernator:

163 3855 222 3957 qui
248 3858 276 3929 si
302 3885 343 3932 ex
369 3847 530 3938 omnibus
555 3892 645 3941 unus
671 3867 846 3968 optandus
860 3867 892 3918 ²⁶
918 3881 1029 3967 esset,
1054 3887 1145 3966 quen
