2632 4852
171 298 237 390 104
480 318 648 367 errsrott
676 319 820 365 cxnvru.
945 312 1023 363 tv.
1042 314 1071 361 c.
1088 314 1141 374 sno

165 421 231 495 hus
255 423 341 493 meis
366 418 542 518 omnibus,
561 419 822 520 rationibusque
846 413 1047 515 subductis,
1073 442 1167 488 sum·

163 571 259 620 mam
283 543 347 617 leci
380 544 633 643 cogitationum
663 568 820 616 mearum
845 540 1027 614 omnium:
1057 566 1165 642 quam

167 669 252 770 tibi,
276 671 306 744 si
330 683 473 770 potero,
497 669 651 742 breviter
669 670 700 718 ⁵³
726 691 908 768 exponam.

213 797 237 890 4
262 798 339 893 Ego
365 795 394 866 si
420 793 464 867 ab
490 793 662 894 improbis
688 808 724 867 et
748 791 894 893 perditis
925 789 1061 866 civibus
1091 815 1167 864 rem

164 920 341 1023 publicam
368 920 477 994 teneri
502 920 674 1018 viderem,
708 920 799 991 sicut
823 931 859 991 et
882 918 969 990 meis
994 919 1166 1018 tempori-

167 1044 233 1120 bus
251 1044 283 1112 ⁶4
308 1048 452 1145 scimus,
476 1059 515 1121 ct
535 1043 711 1118 nonnullis
737 1042 811 1117 aliis
837 1042 1004 1116 accidisse
1021 1043 1065 1142 ⁵⁵,
1089 1067 1165 1114 non

162 1172 270 1244 modo
295 1172 459 1272 praemiis
472 1227 483 1271 7
507 1197 596 1274 quae
626 1169 722 1272 apud
746 1195 803 1242 me
827 1154 1010 1242 minimum
1035 1166 1166 1268 valent,

162 1296 295 1369 sedne
320 1296 482 1397 periculis
511 1296 652 1397 quidem
677 1293 879 1395 compulsus
903 1292 983 1367 ullis
1007 1292 1165 1394 (quibus

165 1435 284 1494 tarum
307 1435 501 1514 moventur·
511 1423 543 1472 ⁵⁶
568 1423 674 1494 etiam
698 1420 876 1494 fortissimi
900 1419 968 1493 riri
983 1426 1010 1518 )‚
1032 1418 1079 1491 ad
1104 1444 1165 1491 eo-

162 1572 241 1620 rum
266 1572 406 1620 oausam
438 1573 496 1619 me
529 1546 770 1645 adiungerem:
799 1570 846 1618 ne
870 1547 900 1618 si
924 1568 1061 1618 summa
1087 1546 1163 1646 qui-

164 1671 245 1745 dem
270 1699 390 1746 eorum
414 1673 452 1744 in
477 1698 533 1744 me
558 1673 682 1745 merita
713 1684 924 1745 constarent.
956 1671 1078 1762 Quum
1103 1697 1164 1743 au·

162 1811 235 1871 tem
260 1799 297 1871 in
320 1824 358 1872 re
383 1797 523 1898 publica
548 1799 612 1872 Cn.
636 1798 827 1899 Pompeius
860 1797 1024 1898 princeps
1055 1809 1163 1894 esset,

161 1924 288 2022 viris,
315 1925 375 2025 qui
406 1922 498 1996 hanc
533 1924 730 2024 potentiam
762 1937 798 1996 et
830 1920 976 2021 gloriam
1000 1921 1162 1995 maximis

160 2049 298 2122 iurem
322 2047 501 2149 publicam
526 2049 677 2147 meritis,
708 2048 1085 2150 praestantissimisque
1110 2075 1163 2122 re-

160 2173 227 2248 bus
255 2176 359 2274 gestis
385 2188 477 2249 esset
502 2189 733 2272 consecutus,
766 2175 932 2276 cuiusque
960 2199 1027 2272 ego
1052 2174 1164 2274 digni·

161 2301 244 2374 tatis
269 2301 314 2373 al>
340 2299 574 2374 adolescentia
599 2301 730 2399 fautor,
747 2301 784 2372 in
800 2314 967 2401 praetura
984 2308 1103 2374 autem
1128 2310 1163 2373 et

137 2409 198 2498 'in
225 2424 406 2497 consulatu
425 2426 455 2492 ⁵⁷
482 2425 622 2499 adiutor
647 2425 753 2498 etiam
787 2426 1012 2499 exstitissem:
1038 2453 1162 2527 quum·

162 2576 230 2650 que
254 2548 349 2621 idem
374 2551 583 2623 auctoritate
608 2565 644 2623 et
669 2553 841 2623 sententia
858 2576 923 2651 per
938 2577 992 2651 se,
1009 2552 1162 2626 consiliis

162 2688 200 2748 et
223 2674 348 2748 studiis
374 2689 490 2749 tecum
515 2703 571 2748 me
597 2676 803 2777 adiuvisset,
834 2703 1022 2778 meumque
1040 2679 1160 2752 inimi·

164 2826 245 2873 cum
278 2827 387 2874 unum
422 2804 460 2874 in
498 2803 639 2876 civitate
677 2801 824 2876 haberet
854 2804 1058 2877 inimicum:
1090 2830 1162 2878 non

160 2926 285 3026 putavi
309 2926 437 3002 famam
459 2929 715 3002 inconstantiae
733 2929 820 3002 milri
835 2930 1160 3032 pertimescendam,

160 3051 190 3124 si
215 3051 423 3153 quibusdam
447 3055 485 3126 in
510 3055 690 3128 sententiis
714 3053 872 3154 paullum
898 3081 954 3129 me
978 3057 1161 3130 immutas·

160 3202 257 3275 sem,
292 3192 476 3281 meamque
507 3180 726 3254 voluntatem
764 3180 812 3254 ad
844 3184 972 3254 summi
1003 3184 1088 3282 viri,
1117 3181 1159 3256 de

158 3327 284 3405 meque
309 3306 442 3405 optime
466 3307 580 3380 meriti
605 3306 811 3406 dignitatem
837 3334 1089 3407 aggregassem,
1118 3312 1158 3383 ln

158 3418 225 3499 hac
263 3432 433 3504 sententia
471 3432 757 3532 complectendus
790 3448 865 3507 erat
896 3433 983 3507 mihi
1014 3437 1158 3532 Caesar,

157 3567 198 3624 ut
222 3554 335 3652 vides,
359 3559 397 3629 in
423 3559 608 3633 coniuncta
635 3575 671 3633 et
695 3587 798 3634 causa
827 3574 863 3633 et
890 3560 1070 3660 dignitate.
1092 3562 1156 3634 Hic

157 3677 306 3753 multum
330 3683 439 3757 valuit
463 3712 570 3788 quum
594 3701 693 3760 vetus
714 3688 882 3785 asscita,
900 3714 1007 3789 quam
1026 3702 1065 3762 tu
1084 3713 1153 3761 non

155 3802 293 3899 ignoras
318 3809 403 3883 milri
428 3825 463 3884 et
488 3813 532 3906 Q.
558 3795 653 3887 fratri
680 3841 760 3889 cum
777 3817 924 3891 Caesare
943 3813 1063 3914 luisse,
1080 3828 1149 3888 tum
