2632 4852
166 331 237 423 ²34
355 328 359 339 '
492 349 663 400 rrrsrors
688 350 825 400 cumr.
935 351 966 400 Α.
984 356 1018 403 v.
1036 357 1066 404 c.
1084 371 1129 417 ,ω

164 457 286 554 tueris,
310 479 456 556 quarum
480 451 621 525 laudum
647 451 793 551 gloriam
818 451 1005 554 ademeris,
1029 457 1153 556 quibus

163 581 294 654 artibus
318 606 380 652 eae
403 577 524 651 laudes
549 590 816 678 comparantur,
846 577 885 649 in
916 579 959 650 iis
984 605 1060 652 esse
1086 581 1154 654 ela·

161 705 357 779 horandum
372 708 411 777 ¹⁶.
427 707 470 778 Iu
485 705 577 777 hauc
598 704 808 777 sententiam
830 703 1019 777 scriberem
1044 704 1155 807 plura,

162 833 230 904 nisi
255 845 290 903 te
315 843 374 902 tua
398 843 525 930 sponte
548 830 633 901 satis
656 830 839 901 incitatum
855 854 931 902 esse
946 843 975 894 ¹⁷
1002 831 1154 904 confide·

161 981 255 1029 rcm:
284 969 322 1028 et
351 955 440 1055 hoc,
474 954 645 1056 quidquid
676 954 797 1054 attigi,
828 979 900 1028 non
927 953 994 1028 ieci
1018 954 1154 1029 iniiam·

161 1081 281 1156 mendi
305 1083 357 1154 tui
377 1107 498 1181 causa,
514 1079 577 1154 sed
592 1079 803 1154 testificandi
819 1081 948 1154 amoris
963 1082 1044 1160 mei.
1057 1081 1154 1155 Vale.

566 1330 746 1405 CLXXV·
928 1373 1134 1433 (seorsus)

161 1511 381 1590 Argunoentum.
400 1511 533 1587 Questus
551 1508 591 1569 dc
609 1507 739 1590 publicis
768 1506 855 1568 melis
875 1507 1155 1589 Curioni-gruttule·

200 1627 252 1677 tur
271 1615 354 1698 quod
372 1636 409 1676 eu
426 1637 490 1676 uon
504 1614 619 1686 videat,
637 1625 669 1675 et
687 1624 723 1675 ut
741 1633 883 1695 magnam
902 1612 1029 1673 tandem
1042 1615 1075 1673 in
1086 1633 1155 1696 pm·

200 1724 299 1782 vincia
327 1721 383 1782 sibi
408 1732 614 1804 comparatam
640 1731 780 1792 tueumr,
803 1717 1037 1802 incredibilique
1056 1718 1153 1780 homi-

199 1848 274 1888 uum
295 1830 505 1911 exspectationi
526 1827 705 1897 satisfaciat,
724 1824 874 1887 hortutru.

456 2053 510 2104 Ser.
528 2051 624 2103 Romae
641 2051 672 2102 A.
691 2049 724 2103 V.
741 2049 770 2101 C.
788 2047 861 2100 DCC.

310 2251 353 2313 u.
377 2251 413 2313 r.
438 2247 581 2343 omero
607 2247 642 2309 c.
667 2245 830 2311 curcur
855 2245 885 2308 s.
909 2243 944 2308 r.
967 2244 1007 2308 o.

208 2463 305 2535 Haec
329 2463 500 2561 negotia¹
527 2459 706 2563 quomodo
738 2484 776 2532 se
807 2457 983 2558 habeant,
1010 2484 1058 2532 ne
1082 2460 1152 2560 epi·

159 2586 249 2659 stola
275 2587 415 2688 quidem
431 2603 448 2635 ²
472 2612 613 2659 narrare
638 2584 760 2658 audeo.
783 2583 881 2684 Tibi,
898 2585 982 2683 etsi,
998 2583 1151 2658 ubicum-

159 2736 228 2813 que
253 2738 309 2810 es,
346 2726 386 2784 ut
417 2712 540 2815 scripsi
573 2711 619 2784 ad
650 2724 685 2783 te
718 2725 821 2783 antea
838 2712 865 2810 ³,
894 2711 932 2782 in
964 2709 1089 2784 eadem
1119 2735 1154 2782 es

158 2835 278 2938 narii,
303 2850 437 2937 tamen,
461 2836 558 2940 quod
583 2836 680 2935 abes,
705 2836 875 2934 gratulor:
900 2835 958 2910 vel
983 2836 1069 2938 qrria
1084 2860 1155 2909 uon

157 2963 256 3038 vides
281 2991 339 3063 ea,
365 2990 453 3065 quac
477 2990 558 3062 nos3
585 2962 642 3036 vel
667 2961 764 3065 quod
788 2960 925 3036 excelso
950 2975 987 3034 et
1003 2959 1152 3035 iliustri⁵

155 3086 237 3163 loco
261 3091 328 3164 sita
353 3104 406 3163 cst
421 3089 496 3163 laus
514 3104 591 3191 tua,
606 3089 645 3162 in
660 3089 892 3190 plurimorum
915 3101 952 3160 et
977 3088 1152 3161 sociorum

157 3227 193 3286 et
217 3215 375 3289 civium⁶
392 3230 599 3316 conspeetu:
616 3242 705 3316 quae
730 3214 776 3287 ad
800 3238 866 3287 nos
891 3238 958 3285 nec
984 3211 1152 3308 obscuro,

156 3363 222 3411 nec
247 3341 344 3414 vario
369 3367 545 3442 sermone,
569 3340 633 3415 sed
658 3353 694 3412 et
719 3339 907 3413 clarissima
932 3351 970 3410 et
992 3363 1067 3411 una
1083 3362 1152 3411 om·

156 3463 254 3538 nium
278 3484 391 3539 voce?
416 3467 596 3567 perfertur.
621 3467 743 3540 Vnum
766 3463 855 3536 iilud
877 3463 1017 3563 nescio,
1043 3474 1150 3562 gratu·

156 3586 252 3662 ierne
276 3591 359 3690 tibi,
384 3618 429 3664 an
454 3593 613 3690 timeam,
639 3591 735 3694 quod
759 3587 925 3663 mirabilis
951 3601 1007 3662 est
1032 3611 1147 3688 exspe-

158 3716 264 3787 ctatio
289 3715 421 3790 reditus
447 3720 513 3790 tui:
538 3744 612 3791 non
636 3718 734 3818 quo8
750 3742 885 3814 verear,
901 3739 947 3786 ne
963 3727 1027 3786 tua
1045 3714 1147 3788 virtus

158 3840 315 3937 opinioni
339 3843 520 3918 hominum
545 3869 617 3918 non
641 3842 869 3944 respondeat5
886 3840 948 3913 sed
972 3839 1144 3912 mehercu-
