2632 4852
161 367 228 422 100
486 359 654 408 masreca
682 359 827 406 cmvnr.
928 352 959 406 s.
976 356 1012 403 v.
1031 353 1061 400 c.
1078 352 1130 414 ⁶99

155 478 295 563 senatu,
317 460 437 537 Idibus
462 462 565 535 Maiis
590 461 780 534 referretur.
805 454 943 530 Num³4
960 455 1065 557 potui
1082 481 1158 526 ma·

155 591 207 691 gis
238 591 275 661 in
306 613 422 662 arcem
457 586 549 661 illius
582 611 706 659 causae
737 582 918 681 invadere,
949 595 1012 653 aut
1042 579 1155 678 magis

156 713 314 789 oblivisci
339 727 538 814 temporum
560 737 737 819 meorum,
769 708 966 785 meminisse
984 707 1017 758 ³5
1043 705 1157 783 ectior

155 839 262 924 numi
285 841 362 919 Hac
387 864 408 911 a
432 864 489 917 me
513 840 685 918 sententia
711 837 822 936 dicta,
845 859 991 933 magnus
1018 831 1158 911 animo·

156 993 232 1048 rum
257 965 368 1045 sactus
400 979 454 1044 est
483 979 601 1043 mutus
618 969 668 1063 ³⁶5
702 990 809 1067 quum
835 987 978 1059 eorum,
1003 983 1158 1060 quorum

157 1093 331 1192 oportuit,
355 1104 430 1169 tum
454 1090 591 1166 illorum
609 1092 732 1189 etiam,
749 1113 898 1191 quorum
911 1089 942 1157 ³2
959 1109 1163 1184 numquam.

156 1231 325 1317 putaram.
362 1215 453 1290 Nam
484 1215 553 1290 hoc
585 1213 887 1289 senatusconsulto
905 1213 937 1266 ³⁸
970 1211 1009 1283 in
1038 1234 1158 1285 meam

158 1345 365 1423 sententiam
402 1341 517 1441 sactu,
552 1342 765 1441 Pompeius,
802 1365 909 1441 quum
946 1336 1034 1409 mihi
1068 1332 1159 1407 nihil

158 1467 366 1549 ostendisset
391 1494 428 1540 sc
453 1493 528 1548 esse
552 1467 745 1566 offensum,
771 1468 809 1538 in
834 1463 1030 1537 Sardiniam
1056 1474 1093 1534 et
1118 1462 1157 1532 in

157 1591 308 1674 Africam
334 1592 510 1692 profectus
536 1596 639 1693 est39,
664 1619 776 1694 eoque
800 1593 924 1671 itinere
948 1593 1084 1673 Lucam
1110 1586 1157 1668 ad

158 1717 341 1798 Caesarem
366 1719 470 1798 venit.
495 1717 549 1790 Ibi
572 1718 683 1801 multa
711 1717 755 1791 de
779 1744 856 1801 mea
882 1715 1056 1811 sententia
1075 1739 1159 1815 que«

158 1855 232 1949 stus
257 1856 311 1924 est
335 1844 479 1943 Caesar,
496 1845 626 1946 quippe
650 1847 709 1952 qui
730 1845 835 1919 etiam
853 1845 1041 1921 Ravennae
1058 1841 1159 1913 Cras

158 1993 235 2049 sum
261 1983 342 2041 ante
366 1968 528 2068 vidisset,
561 1970 605 2049 ab
639 1996 750 2075 eoque
775 1972 812 2042 iu
836 1995 893 2041 me
918 1980 1011 2042 esset
1035 1967 1157 2046 iucem

158 2119 225 2172 sus.
253 2093 342 2170 Saue
368 2093 513 2170 moleste
538 2097 746 2195 Pompeium
771 2095 810 2168 id
833 2096 921 2170 ferre
953 2089 1158 2170 constabat:

160 2219 256 2319 quod
289 2244 353 2317 ego
387 2244 495 2320 quum
532 2221 705 2294 audissem
737 2247 780 2294 ex
812 2219 886 2319 aliis
893 2275 904 2318 ,
936 2217 1092 2290 maxime
1116 2240 1158 2288 ex

159 2367 238 2422 meo
263 2343 367 2428 fratre
400 2348 566 2446 cognovi,
598 2373 701 2458 quem
736 2373 844 2458 quum
875 2347 913 2420 iu
945 2342 1110 2424 Sardinia
1126 2340 1157 2414 4ο

159 2469 348 2570 Pompeius
373 2473 493 2570 paucis
518 2485 601 2573 post
627 2471 768 2571 diebus,
789 2498 895 2575 quam
909 2473 1007 2544 Luca
1027 2469 1157 2543 disces·

160 2607 266 2710 serat,
292 2598 531 2681 convenisset:
565 2598 677 2695 «Te,
707 2599 845 2703 inquit,
876 2598 993 2696 ipsum
1029 2595 1158 2695 cupio,

166 2717 295 2800 anihil
328 2724 560 2820 opportunius
598 2724 716 2822 potuit
756 2721 940 2819 accidere,
974 2719 1043 2792 nisi
1078 2744 1158 2795 cum

167 2843 328 2920 «Marcu
360 2845 465 2927 fratre
499 2847 682 2945 diligenter
721 2848 851 2946 egeris,
883 2843 1159 2945 dependendum

167 3000 184 3038 α
208 2967 272 3040 tibi
298 2985 362 3069 est,
387 2972 483 3073 quod
499 2972 584 3044 mihi
604 2998 670 3072 pru
687 2972 748 3045 illo
766 2970 999 3073 spopondisti.
1019 3002 1037 3034 n
1061 2967 1158 3063 Quid.

100 3091 101 3097 ’
158 3091 289 3167 multa?
315 3111 454 3198 questus
480 3111 533 3169 est
558 3099 726 3196 graviter,
757 3078 818 3171 sua
851 3098 1157 3178 meritacommev

159 3202 334 3318 muravit,
351 3222 436 3324 quid
461 3224 586 3320 egisset
613 3227 812 3324 saepissima
838 3223 882 3298 de
908 3223 996 3305 actis
1013 3219 1047 3297 4¹
1074 3221 1158 3297 Cae

158 3343 244 3421 saris
270 3370 350 3419 cum
374 3348 452 3458 ipso
477 3372 557 3419 meo
583 3348 701 3449 fratre,
728 3349 881 3452 quidque
906 3348 974 3426 sibi
991 3348 1022 3420 is
1040 3346 1086 3426 de
1104 3371 1158 3418 me

158 3470 361 3572 recepisset,
385 3473 422 3552 in
447 3475 649 3555 memoriam
674 3475 825 3573 redegit,
851 3500 975 3575 seque,
997 3499 1089 3574 quae
1116 3472 1157 3546 do

157 3615 234 3673 mea
259 3593 369 3668 salute
395 3599 537 3698 egisset,
561 3599 741 3680 voluntate
767 3601 924 3684 Caesaris
951 3599 1082 3697 egisse,
1108 3598 1158 3696 ip·

158 3741 234 3787 sum
266 3745 384 3794 meum
419 3723 558 3799 fratrem
594 3713 740 3800 testatus
780 3740 852 3825 est,
891 3726 988 3797 cuius
1017 3747 1155 3798 causam

159 3832 429 3950 dignitatemque
454 3849 539 3924 mihi
564 3866 603 3923 ut
629 3852 906 3951 commendaret,
934 3852 1092 3949 rogavit,
1114 3860 1150 3919 ut
