2632 4852
256 313 330 389 336
619 327 891 382 muornrrours

259 461 293 520 ¹7
314 437 459 520 Suspicor
478 431 670 496 scribendum
690 454 754 495 esse
774 445 804 495 et
826 433 895 495 lude
914 433 1143 498 contemtionem
1164 434 1198 497 S.
1217 461 1250 520 p.

259 544 294 609 ιθ
314 543 490 624 Intelligunt
509 540 648 622 Syriam,
667 540 717 601 vel
737 540 883 601 Ciliciam.
912 541 949 601 lu
969 551 1105 624 unaque
1124 554 1172 607 est
1192 545 1262 611 urbs

294 651 439 714 Seleucia.
458 650 565 710 Bosius
585 671 604 710 e
628 668 698 708 mss.
726 649 788 709 suis
817 647 913 711 edidit
941 649 1116 710 Silrbranae.
1145 649 1262 716 Eruest

293 758 409 822 Alludit
428 757 468 818 ad
486 757 781 840 praetermissionem
799 757 991 837 provinciae,
1013 755 1053 817 de
1079 778 1145 838 qua
1165 756 1198 818 in
1209 780 1262 842 ep.

283 866 380 939 XIV,
401 866 441 937 3,
459 875 490 925 et
509 863 591 924 alibi.
611 863 683 923 Mox
702 862 770 924 edd.
794 863 870 925 Min.
890 863 975 936 Aldi,
1000 863 1098 926 llerv.
1119 877 1151 926 et
1169 886 1261 928 meam

294 973 410 1032 hercule
415 993 428 1045 3
446 970 553 1037 Lamb.
571 983 601 1031 et
620 970 678 1031 mci
696 970 821 1030 lamule.

259 1103 296 1163 ¹9
314 1079 451 1144 Hiberna
470 1088 540 1138 suut
560 1087 672 1149 castra,
692 1077 741 1138 rel
760 1088 843 1139 certe
861 1077 943 1150 loca,
955 1079 987 1138 in
1000 1077 1117 1160 quibus
1131 1078 1261 1162 legiones

295 1184 395 1247 hieme
415 1187 575 1246 stationem
595 1184 717 1245 faciunt.
745 1185 833 1247 Fecit
857 1187 960 1266 itaque
980 1185 1021 1262 Q.
1040 1184 1132 1246 fratri
1155 1187 1262 1248 Caesar

294 1295 415 1375 copiam
434 1291 564 1374 eligendi
584 1291 707 1365 lucum,
733 1290 787 1353 ubi
806 1288 990 1352 hibernaret.
1011 1294 1142 1375 Accepit
1163 1305 1261 1357 autem

294 1399 424 1460 hiberna
444 1401 476 1459 in
495 1399 630 1474 Nerviis3
649 1419 697 1480 ep.
718 1418 779 1480 seq.
801 1419 828 1457 a.
852 1397 936 1462 Haec
955 1400 1089 1464 correxit
1108 1410 1142 1461 et
1163 1400 1262 1484 expla-

293 1509 378 1569 navit
396 1506 569 1582 Ernestius3
594 1506 687 1587 wigo
716 1505 865 1567 bibernam
891 1506 1049 1585 legionem,
1076 1506 1148 1570 cod.
1170 1507 1261 1569 Laod.

293 1614 446 1676 hibernam
474 1615 630 1694 regionem.
660 1613 696 1676 lu
726 1633 787 1694 seq.
806 1610 947 1673 membro
970 1623 1077 1673 noster
1103 1617 1262 1698 septimus-

295 1718 359 1781 dec.
379 1740 450 1780 cum
470 1719 621 1781 Lambino
643 1732 676 1780 ut
693 1717 736 1780 ad
755 1741 802 1783 nse
825 1719 863 1800 Q
885 1717 934 1798 (b.
946 1739 973 1784 e.
987 1719 1146 1802 Quintus)
1160 1721 1261 1785 scribit.

257 1848 296 1887 ao
317 1826 520 1908 Optimamm.

257 1953 291 1993 nr
315 1933 375 1996 Vel
393 1932 557 1996 delendum
584 1953 637 2006 ne,
666 1933 716 1996 vel
740 1933 902 2016 legendum
934 1954 1033 1995 mnne·
1061 1936 1261 2017 scripseram?

294 2041 395 2104 visum
423 2050 468 2101 est
497 2037 648 2102 Ernestio.
679 2040 747 2102 Hoc
776 2042 875 2102 Attico
901 2040 1084 2104 Ciceronem
1110 2044 1259 2125 scripsisse

294 2166 358 2206 non
377 2149 494 2229 reperi3
514 2149 620 2228 utique
639 2167 713 2210 vero
734 2149 774 2230 Q·
794 2147 890 2213 fratri.
910 2148 947 2211 lu
963 2169 1027 2235 seq.
1041 2147 1187 2214 membro
1200 2147 1259 2215 cod

293 2251 392 2314 Laud.
411 2264 500 2315 exva
520 2255 621 2316 urbem
641 2277 697 2316 me.
1007 2268 1013 2277 '

256 2378 295 2422 aa
314 2359 358 2421 Vt
377 2380 414 2420 ex
432 2381 483 2420 me
501 2363 570 2445 ipso
590 2362 703 2425 audias.
724 2361 841 2426 Emest.

255 2467 295 2526 23
313 2466 358 2529 Vt
377 2467 420 2527 ibi
439 2465 571 2541 habitet,
590 2468 640 2530 vel
659 2468 776 2531 doceat.
847 2523 849 2527 .

256 2574 295 2648 24
315 2573 410 2634 Forte
430 2576 537 2637 melius
557 2576 686 2639 accedet.
706 2578 871 2640 Ernestius.

255 2678 295 2739 25
314 2681 417 2763 Vulgo
439 2697 470 2743 tu
488 2684 515 2743 si
532 2705 580 2745 me
599 2705 691 2745 antas.
712 2684 773 2747 Sed
794 2699 826 2745 tu
851 2683 961 2746 delevit
981 2685 1159 2760 Erneslius,
1180 2685 1256 2768 quod

292 2785 372 2849 absit
390 2787 430 2848 ab
450 2788 517 2850 edd.
538 2792 672 2864 lensoni‚
692 2794 841 2865 Ascensii,
853 2791 939 2865 Aldi,
960 2792 1043 2855 Crat.
1057 2794 1256 2867 Herubcne,

293 2891 378 2956 abest
398 2897 488 2956 eliam
509 2896 548 2957 ab
569 2897 658 2959 Amb.
684 2919 717 2980 17
738 2910 769 2960 et
794 2899 840 2959 ed.
861 2899 1034 2960 Minutiani.
1055 2900 1147 2963 Vnus
1172 2901 1256 2961 Lem-

292 2999 398 3076 binus,
416 3005 517 3067 nescio
538 3027 649 3088 quare,
668 3005 824 3070 adrem
843 3005 888 3071 ad
905 3027 951 3071 me
971 3008 1082 3083 verum,
1106 3019 1139 3070 ta
1151 3008 1255 3081 si,etc

686 3248 822 3312 CLVIII.
849 3274 852 3278 ·

257 3451 267 3489 ι
292 3429 376 3492 llaec
394 3433 527 3516 pendent
546 3457 565 3496 a
585 3456 651 3519 sup.
672 3435 746 3498 nibil
763 3447 807 3496 est
825 3435 908 3519 qrmd
926 3434 1137 3518 respordeam.

252 3558 270 3596 2
291 3536 400 3612 Vrbis,
420 3551 455 3601 ut
474 3540 512 3602 de
533 3543 678 3606 Trebatio
698 3543 772 3607 dixit
792 3565 840 3627 ep.
861 3543 1039 3608 CXXXV..

252 3645 271 3703 3
291 3645 427 3707 Discidio
447 3660 560 3713 nostro.

251 3750 272 3826 4
291 3750 325 3811 C.
348 3752 491 3816 Caesaris.

251 3854 272 3916 5
290 3857 385 3922 Plura
403 3861 538 3926 facienda
568 3879 637 3929 sunt
667 3878 793 3951 propter
814 3863 899 3952 spem
919 3867 1016 3929 sutori
1044 3865 1141 3940 boni,
1160 3880 1244 3946 quam
