2632 4852
259 304 326 377 166
602 322 769 371 semrom
795 325 893 371 cunr.
1027 323 1058 370 t.
1075 327 1109 372 v.
1127 327 1156 373 c.
1176 327 1254 386 c99.

251 429 310 500 nia
333 426 463 527 possit,
488 449 568 495 cum
593 423 652 494 illo
677 425 755 522 ipso
782 421 1052 496 contenderem?
1080 426 1132 497 sic
1158 429 1252 499 enim

250 551 448 629 faciendum
464 549 596 622 fuisset,
613 549 696 623 Non
711 548 872 623 existimo
889 562 924 622 te
940 562 1066 651 putare
1072 607 1084 650 ,
1108 552 1148 625 id
1165 555 1251 625 mihi

251 675 512 780 suscipiendum
527 676 639 748 fuisse.
656 674 872 749 Alterutrum
887 689 927 774 ¹⁰,
942 657 1056 779 iuquit
1072 676 1168 750 idem
1182 679 1252 752 Sal-

248 805 385 903 lustius,
404 800 631 899 defendissem
647 800 753 907 idque
765 801 936 903 Pompeio
948 802 1182 876 contendenti
1195 803 1250 876 de·

250 929 372 1003 disses.
397 927 540 1004 Etenim
557 925 782 1001 vehementer
807 926 939 1001 orabat
963 928 1140 1029 Lepidum
1166 933 1249 1001 ami-

236 1082 331 1128 ·cum
365 1053 584 1152 Sallustium,
616 1054 677 1154 qui
707 1052 794 1125 mihi
826 1067 888 1127 aut
918 1054 1117 1127 inimicitias
1149 1071 1249 1155 putet

248 1179 461 1282 periculosas
487 1178 684 1256 subeundas
710 1179 830 1279 firisse,
855 1194 916 1253 aut
947 1179 1129 1255 infamiam
1160 1209 1249 1256 sem·

248 1308 440 1407 piternaml
465 1308 542 1404 Ego
566 1331 650 1379 vero
676 1305 743 1378 bac
760 1305 1000 1380 mediocritate
1018 1305 1192 1408 delector,
1209 1336 1248 1380 ac

248 1433 335 1506 mihi
368 1431 454 1505 illud
487 1432 680 1505 iucundum
712 1445 785 1531 est,
810 1432 924 1535 quod,
956 1459 1065 1534 quum
1090 1436 1248 1507 testimo·

249 1560 360 1632 nium·
380 1558 572 1632 secundum
605 1559 712 1631 fidem
744 1572 780 1631 et
811 1559 1013 1658 religionem
1047 1562 1247 1658 gravissime

250 1684 430 1782 dixissem,
454 1711 533 1756 reus
560 1684 661 1782 dixit,
686 1685 715 1756 si
731 1685 769 1757 in
795 1685 935 1758 civitate
954 1700 982 1736 ¹¹
1008 1685 1166 1759 licuisset
1183 1686 1246 1759 sibi

248 1836 341 1908 esse,
366 1808 452 1884 mihi
469 1837 506 1882 se
523 1808 780 1883 satisfacturum
794 1828 835 1910 ¹²,
850 1836 964 1914 neque
980 1838 1038 1886 me
1059 1796 1245 1915 quicquam

246 1935 475 2033 interrogavit
490 1936 528 2007 ¹³.

298 2063 399 2134 aDe
433 2060 765 2164 versibus14,quos
798 2063 864 2136 tibi
896 2091 916 2137 a
949 2091 1008 2138 me
1037 2065 1146 2139 scribi
1175 2071 1244 2164 vis,

246 2185 345 2289 deest
369 2185 455 2258 mihi
481 2186 621 2288 quidem
648 2213 772 2297 opera,
798 2215 887 2290 quae
912 2213 986 2263 non
1018 2191 1129 2265 modo
1162 2207 1245 2266 tem·

243 2336 328 2412 pus,
353 2310 417 2383 sed
446 2313 553 2415 etiam
586 2314 739 2384 animum
772 2339 923 2388 vacuum
943 2309 999 2387 ‘ab
1032 2319 1130 2390 omni
1165 2345 1243 2390 cura

245 2433 435 2507 desiderat:
461 2436 524 2509 sed
549 2436 648 2510 abest
672 2439 776 2511 etiam
793 2443 1024 2534 ἐνθουσιασμός.
1052 2441 1137 2516 Non
1153 2445 1242 2516 enim

244 2584 363 2659 sumus
390 2562 535 2634 omnino
553 2565 626 2635 sine
644 2591 726 2636 cura
740 2566 769 2613 ¹⁵
786 2565 957 2638 venientis
982 2568 1082 2639 anni:
1109 2571 1176 2641 etsi
1193 2596 1242 2640 su·

244 2709 322 2756 mus
349 2686 424 2758 sine
450 2688 583 2762 timore.
609 2690 720 2762 Simul
744 2705 779 2764 et
796 2690 884 2764 illud
910 2694 1003 2780 (sine
1020 2693 1091 2767 ulla
1108 2695 1242 2774 meher-

243 2810 319 2883 cule
336 2813 447 2885 ironia
464 2813 622 2915 loquor),
647 2816 712 2888 tibi
727 2818 825 2890 istius
844 2820 978 2916 generis
997 2821 1036 2893 in
1056 2821 1243 2905 scribendo

240 2939 374 3036 priores
400 2954 517 3038 partes
543 2942 677 3040 tribuo,
704 2970 809 3043 quam
834 2944 928 3017 mibi.
1038 2942 1041 2945 ’
1241 3015 1246 3026 .

291 3063 312 3135 3
338 3065 391 3135 De
415 3064 630 3140 bibliotheca
664 3083 724 3142 tua
758 3096 880 3168 graeca
906 3071 1120 3172 supplenda,
1144 3073 1239 3146 libris

240 3191 516 3289 commutandis,
542 3195 676 3279 Latinis
710 3198 971 3299 comparandis,
1000 3197 1105 3286 ualde
1137 3199 1239 3274 velim

240 3312 306 3408 ista
333 3318 478 3415 confici,
502 3325 706 3418 praesertim
732 3353 839 3426 quum
873 3325 918 3398 ad
950 3352 1068 3399 meum
1103 3353 1239 3430 quoqne

239 3462 341 3511 usum
365 3457 541 3541 >spectent
560 3451 598 3517 ¹⁶.
625 3449 695 3521 Sed
728 3477 814 3550 ego,
847 3453 933 3524 mibi
970 3454 1039 3551 ipsi
1078 3456 1146 3527 ista
1180 3479 1239 3555 per

240 3588 344 3664 quem
382 3593 504 3667 agam,
540 3597 613 3644 non
651 3574 773 3648 habeo.
811 3579 933 3681 Neque
972 3581 1067 3651 euim
1105 3579 1235 3654 venalia

239 3706 336 3788 sunt,
362 3721 450 3793 quae
476 3698 618 3796 quidem
643 3701 820 3800 placeant,
845 3719 882 3776 et
900 3708 1028 3778 confici
1045 3723 1074 3772 ¹⁷
1093 3709 1161 3781 nisi
1179 3733 1234 3806 per

237 3811 415 3891 hominem
441 3836 476 3893 et
501 3827 652 3922 peritum
685 3843 720 3899 et
751 3829 954 3927 diligentem
977 3859 1051 3906 non
1077 3847 1226 3935 possunt.
