2632 4852
172 316 237 408 154
266 347 270 372 ¹
529 336 699 387 rrrsrorx
723 339 788 386 cm.
936 340 966 387 Α.
984 343 1017 389 v.
1036 344 1132 406 cs99

165 442 218 514 Ti.
243 439 433 538 Neronem,
458 452 494 511 et
518 441 555 512 C.
583 454 619 511 et
643 442 681 512 L.
702 439 888 538 Antonios,
915 442 960 512 Μ.
987 443 1026 515 F.
1051 445 1157 518 Puta-

164 566 288 639 bamus
312 565 404 665 lore,
434 579 475 637 ut
507 565 673 638 Memmio
708 565 869 665 daretur,
899 569 966 640 etsi
990 585 1066 643 erat
1091 544 1159 645 Ne-

164 693 259 765 ronis
283 692 370 763 mira
403 691 591 764 contentio.
625 691 721 783 Quid
753 691 908 793 quaeris?
941 694 1052 793 probe
1079 723 1157 796 pre-

162 819 286 915 mitur,
309 817 376 892 nisi
400 830 519 891 noster
542 817 753 920 Pompeius,
779 817 862 918 diis,
886 818 1156 926 hominibusque

162 944 302 1041 invitis,
328 943 504 1044 negotium
530 943 693 1016 everterit
710 943 733 1014 ³.
767 945 948 1043 Cognosce
973 972 1069 1019 nunc
1094 947 1156 1020 ho-

162 1069 267 1144 minis
290 1069 486 1167 audaciam,
511 1082 547 1141 et
572 1067 703 1170 aliquid
727 1070 764 1141 iu
789 1095 825 1142 re
851 1070 991 1170 publica
1018 1074 1155 1173 perdita

162 1193 344 1268 delectare.
370 1196 488 1290 Quum
514 1194 706 1293 Gabinius,
732 1222 950 1298 quacumque
976 1199 1156 1299 veniebat,-

163 1320 376 1420 triumphum
402 1347 439 1394 se
463 1320 640 1421 postulare
665 1322 823 1420 dixisset,
839 1322 1024 1425 subitoque
1042 1324 1156 1399 bonus

130 1495 134 1504 -
160 1446 385 1546 imperatort
409 1461 516 1519 noctu
541 1448 578 1518 in
602 1446 747 1546 urbem,
779 1448 934 1522 bostium
958 1447 1084 1550 plane,
1107 1452 1154 1522 in·

59 1559 62 1568 ¹
162 1574 321 1672 vasisset,
346 1574 383 1644 in
408 1587 567 1645 senatum
590 1600 626 1646 se
643 1599 715 1646 non
731 1573 981 1647 committebat.
1009 1576 1151 1648 interim

162 1700 240 1798 ipso
266 1698 402 1771 decimo
429 1698 505 1797 die,
538 1724 607 1800 quo
639 1700 755 1799 ipsum
787 1699 973 1799 oportebat
1003 1700 1152 1774 bostium

162 1851 345 1897 numerum
374 1838 410 1896 et
434 1824 583 1897 militum
612 1827 809 1898 renuntiare
827 1825 853 1924 ⁵,
878 1826 914 1932 in
940 1851 977 1898 re
1002 1825 1114 1900 haesit
1128 1830 1152 1923 ⁶,

131 1955 132 1958 ’
162 1977 295 2026 summa
328 1950 565 2052 infrequentia.
600 1951 719 2042 Quum
750 1950 856 2058 vellet
888 1952 998 2050 exire,
1024 1977 1045 2024 a
1071 1977 1150 2024 con·

54 2108 57 2117 ¹
159 2076 294 2154 solibus
318 2089 473 2153 retentus
499 2090 568 2151 est:
588 2073 982 2175 introducti'publicani
995 2094 1019 2148 ⁷.
1038 2078 1151 2152 Homo

160 2202 315 2305 undique
347 2219 462 2302 actus,
495 2229 602 2304 quum
635 2228 656 2274 a
687 2228 744 2274 me
776 2203 925 2274 maxime
954 2201 1151 2277 vulnerare

162 2341 243 2427 tur,
275 2355 347 2403 nou
381 2328 484 2426 tulit,
521 2341 556 2399 et
591 2354 648 2399 me
684 2328 847 2412 trementi
880 2352 970 2400 voce
1003 2327 1150 2424 exsulem

162 2453 359 2553 appellavit.
397 2455 464 2526 Hic
497 2428 547 2541 (o
574 2452 638 2528 dii!
674 2452 760 2527 nibil
788 2479 956 2555 umquam
988 2453 1149 2527 honorifi·

162 2580 294 2652 centius
326 2579 428 2652 nobis
460 2578 614 2669 accidit)
647 2577 862 2653 consurrexit
900 2593 1041 2653 senatus
1076 2607 1149 2652 cum

162 2702 314 2777 clamore
340 2705 384 2778 ad
409 2733 534 2804 uuum,
566 2706 634 2805 sic,
666 2719 705 2779 ut
736 2706 782 2778 ad
805 2731 935 2810 corpus
961 2707 1035 2778 eius
1061 2732 1151 2778 acce⁴

162 2827 275 2930 deret,
292 2832 368 2930 pari
386 2830 535 2906 clamore
561 2846 665 2933 atque
691 2832 823 2931 impetu
851 2831 1040 2933 publicani.
1058 2830 1148 2924 Quid

161 2957 320 3058 quaeris?
346 2983 482 3056 omues,
516 2959 694 3058 tamquam
726 2959 755 3030 si
784 2971 822 3030 tu
848 2984 940 3030 esses
958 2960 985 3056 ⁸,
1008 2960 1058 3032 ita
1083 2958 1149 3028 fue-

159 3097 248 3155 runt.
274 3082 368 3158 Nihil
393 3083 574 3158 hominum
599 3109 757 3158 sermone
783 3083 894 3157 forise
915 3083 1051 3158 clarius.
1076 3086 1148 3181 Ego

160 3222 277 3282 tamen
303 3223 404 3284 teneo
421 3227 449 3259 ¹⁰
476 3209 521 3283 ab
547 3210 827 3287 accusando'vix
851 3209 1067 3311 mehercule,
1092 3206 1149 3281 sed

160 3348 278 3409 tamen
303 3349 429 3435 teneo,
461 3335 517 3408 vel
549 3337 644 3438 quod
676 3335 760 3414 nolo
787 3363 868 3408 cum
893 3337 1066 3436 Pompeio
1090 3359 1150 3437 pu·

153 3485 264 3559 ⁴gnare
287 3471 300 3551 (
319 3463 402 3537 satis
427 3463 602 3564 estquod
632 3465 739 3536 instat
773 3463 818 3539 de
845 3449 976 3540 Milone
997 3475 1076 3561 ¹¹),
1100 3457 1148 3534 vel

162 3587 257 3687 quod
283 3588 414 3663 iudices
439 3591 554 3664 nullos
579 3590 757 3663 habemus.
783 3591 969 3685 Ἀπότευγμα
994 3589 1145 3665 fonnidu

152 3712 262 3786 'Addo
289 3716 392 3788 etiam
425 3716 697 3790 malivolentiam
729 3716 932 3814 bominum,
966 3730 1003 3788 et
1028 3717 1145 3807 timeo,

80 3836 84 3840 ’
160 3859 205 3907 ne
229 3839 295 3937 illi,
331 3869 387 3914 me
421 3858 621 3943 accusante,
654 3843 784 3944 aliquid
817 3842 971 3942 accidat,
1005 3870 1070 3916 nec
1094 3840 1144 3910 de
