2632 4852
159 314 231 406 364
517 327 789 380 assortrroses

163 441 197 500 13
218 438 328 498 Sensus
348 444 406 494 est:
427 430 511 493 nulla
530 443 575 492 est
594 442 677 492 tanta
697 433 810 512 gratia,
831 451 942 512 quarm
964 453 1063 512 quum
1083 436 1161 494 acci.

197 546 295 627 piam,
308 538 577 622 comprehendere,
597 541 659 598 sive
672 540 818 598 sustinere
835 539 938 597 animo
951 559 1016 598 non
1030 543 1159 621 possim,

198 654 292 710 immo
313 659 344 709 et
362 647 445 713 illan
466 643 606 706 omnibus
620 655 758 706 testatam
770 643 869 705 facere
882 645 1045 707 referendo
1060 668 1158 728 quan-

198 769 264 818 tum
284 756 405 836 accepi,
424 756 485 813 sive
506 755 596 812 etiam
617 750 806 811 cumulatius.
827 752 950 814 Graevii
970 756 1092 834 primus
1113 756 1159 816 vel

198 864 230 922 in
248 857 461 921 remunerando
481 858 632 918 cumulare
645 869 733 938 atquc
746 857 907 928 illustrare,
927 858 1014 940 quod
1028 859 1158 921 Graevio

195 968 336 1028 Ernestio
360 964 485 1026 etmihi
510 964 617 1047 placet.
644 962 825 1024 Lambinus:
845 984 937 1046 quam
960 986 1022 1026 non
1046 967 1159 1027 αηὺηιιε

195 1097 277 1136 meus
296 1074 390 1134 celin
408 1069 581 1154 accipiendo
601 1091 725 1152 capere,
743 1081 800 1131 etc.

160 1183 196 1260 14
215 1184 316 1259 Quem
335 1177 458 1261 petebat
476 1177 537 1239 hoc
557 1198 637 1237 anno
651 1179 762 1238 omissa
775 1187 926 1259 praetura.
948 1177 1064 1239 Aedilis
1078 1181 1157 1239 enlm

195 1289 254 1348 fuit
263 1288 297 1347 L.
307 1287 454 1357 Domitio,
465 1286 520 1367 tp.
531 1283 659 1345 Claudio
670 1303 744 1346 coss.
758 1285 792 1344 A.
799 1285 837 1346 V.
850 1284 883 1345 C.
898 1284 1070 1346 DCXCIX.
1083 1285 1161 1346 Vide

197 1415 265 1477 epp.
281 1392 422 1463 CLVIII,
442 1389 476 1466 53
497 1401 527 1452 et
548 1391 660 1464 CLIX,
673 1411 705 1467 23
725 1402 756 1451 et
774 1389 942 1452 Pedianum
958 1393 990 1450 in
1004 1393 1078 1474 Arg.
1093 1413 1158 1452 ora-

196 1501 287 1560 tionis
307 1518 365 1580 pro
384 1498 506 1558 Milone.

162 1606 198 1668 15
218 1607 285 1666 Non
305 1605 337 1665 id
357 1605 455 1665 solum
476 1626 608 1687 quaero,
627 1616 662 1665 ut
682 1603 785 1666 officio
806 1604 1007 1677 satisfaciam,
1028 1604 1084 1665 sed
1096 1607 1159 1686 pie·

198 1714 283 1783 tatis,
302 1710 362 1771 hoc
382 1722 427 1772 est
447 1714 558 1771 amoris
577 1721 608 1771 et
627 1713 705 1792 grati
725 1712 818 1770 animi
838 1710 961 1772 laudem
975 1721 1096 1794 expeto.
1115 1711 1160 1770 De

197 1821 309 1900 pietate
329 1816 366 1877 cf.
387 1838 434 1898 ep.
456 1817 614 1878 CXLVIII
635 1819 700 1878 init.

161 1923 198 1985 16
217 1925 301 1984 Tert
321 1934 351 1983 et
371 1925 515 2004 septimus
535 1944 603 1983 cum
625 1923 670 1984 ed.
691 1923 772 1985 Med.
793 1925 904 2007 quanti.

161 2051 195 2112 ¹7
215 2029 294 2090 Edd.
314 2040 384 2090 ante
402 2029 574 2090 Victoriam
594 2032 693 2091 omnia
712 2052 778 2092 rrrea
797 2030 914 2105 studim
933 2031 996 2093 scil.
1026 2032 1159 2094 inculca-

196 2147 263 2197 tum
283 2157 320 2197 ex
340 2135 555 2219 superioribus.

162 2241 198 2304 18
218 2244 390 2323 Tamquam
411 2245 574 2304 iuventutis
595 2247 771 2326 priucipem.
796 2243 919 2305 Corrad.

116 2370 119 2376 ·
162 2371 198 2432 ¹9
218 2351 318 2428 Quem
333 2351 423 2430 gessit
432 2351 467 2409 A.
480 2350 520 2411 V.
534 2349 566 2409 C.
573 2350 745 2432 ⁸DCXCVI.
758 2350 830 2412 Mox
841 2363 969 2434 propter·
978 2363 1113 2412 nostram
1122 2385 1159 2398 -

197 2477 335 2526 cumam,
354 2458 574 2517 restitutionem
599 2456 639 2517 ab
665 2457 785 2534 exsili03
810 2479 858 2540 ep.
878 2456 1002 2531 LXIX,
1033 2460 1069 2535 33
1090 2459 1158 2520 Har.

197 2563 286 2643 Resp.
308 2585 332 2623 c.
353 2565 388 2640 43
407 2585 465 2646 pro
487 2563 565 2626 Sext.
587 2586 612 2624 c.
632 2566 679 2641 40.
798 2637 799 2641 ἵ

159 2691 197 2730 20
217 2669 287 2730 Vid.
308 2670 347 2730 ad
367 2691 413 2752 ep.
435 2670 578 2743 CLV1113
598 2669 627 2731 5.

158 2798 192 2836 21
218 2777 278 2836 Zel.
300 2776 325 2835 B
352 2787 381 2836 et
410 2777 497 2836 Amb.
524 2776 587 2838 dec.
614 2777 761 2839 secundus
788 2780 821 2838 r'n
839 2775 987 2862 stfffingiis
1013 2779 1160 2854 studium,

198 2882 282 2965 quod
302 2905 321 2942 a
341 2903 406 2964 sup.
428 2885 569 2945 bonorum
588 2885 716 2945 studium
736 2885 918 2946 Inculcatum
941 2907 1006 2947 esse
1034 2888 1158 2970 quisque

195 2990 285 3051 videt.
308 2990 414 3071 Itaque
434 2990 592 3072 vulgatum
612 2995 703 3054 etiam
723 2991 821 3054 studiis
841 2993 926 3053 uncis
947 2994 1068 3055 Inclusi.

157 3117 195 3156 22
216 3099 251 3158 In
272 3097 431 3178 suffragiis.
453 3099 571 3160 Manat.

156 3204 194 3263 23
216 3203 276 3264 Zel.
295 3204 319 3263 B
341 3205 396 3264 etsi
412 3205 518 3264 minus.

155 3311 196 3386 alp
215 3309 363 3392 Ahlegant
382 3309 511 3372 debitam
533 3322 632 3373 sextus
652 3324 682 3373 et
703 3312 912 3395 quartusdec,
933 3324 964 3372 et
984 3332 1058 3374 mox
1073 3314 1156 3393 quin·

195 3415 307 3475 tusdec.
327 3428 357 3474 et
372 3429 535 3499 praeterea.

156 3519 196 3580 25
215 3521 316 3597 Quem
337 3535 501 3604 sequantur
521 3527 556 3596 ii,
577 3546 653 3606 quos
680 3527 818 3606 proxime
846 3526 1026 3586 nominavit,
1047 3524 1153 3585 Eorum

195 3639 357 3701 ventorum,
382 3633 477 3690 ventis
504 3644 661 3713 comparat
681 3631 795 3704 studia,
820 3630 879 3691 hoc
904 3642 966 3704 est,
987 3631 1151 3694 voluntates

196 3736 397 3813 gratiosorum
417 3739 449 3796 in
469 3737 629 3820 suffragiis.

158 3836 197 3898 25
216 3839 325 3902 Ambb.
347 3842 409 3904 fere
428 3864 532 3906 omnes
552 3857 583 3907 ct
603 3847 669 3908 edd.
692 3857 760 3909 vett.
781 3844 980 3930 exoptandas.
