2632 4852
522 343 559 389 m
584 337 772 390 nrrsroms
1074 318 1145 395 285

187 439 306 501 cadum·
328 439 406 500 detto
434 439 585 502 Mammre
611 442 741 513 dicitur,
772 439 811 501 ed
832 440 1009 515 Orientem,
1030 441 1147 522 Quinto
1177 512 1179 517 Α

190 546 230 606 eb
251 547 421 607 Interamna
438 545 548 630 lepide.
562 545 674 609 Narem
686 545 848 628 legendum
861 550 975 609 censuit
988 547 1147 612 Cluverius

189 652 255 713 Ital.
275 654 344 713 Ant
365 653 412 726 11,
431 651 466 724 8,
487 663 517 714 et
538 653 705 724 Graevius,
727 652 809 734 quod
832 673 951 737 semper
970 653 1053 737 cpud
1073 656 1147 716 elios

189 762 350 841 scriptores
377 757 455 818 virili
484 779 593 839 genere
614 758 682 819 Nar
700 770 848 820 occurret.
878 757 963 839 Libri
994 780 1097 822 omnes
1118 762 1149 822 in

187 868 258 928 Nor.
280 867 368 943 Quee
388 875 556 947 sequuntur
574 877 603 924 et
622 863 744 925 hwnidc
765 877 862 924 ermen
876 885 997 938 vereor,
1016 887 1055 927 ne
1074 868 1146 926 insi-

187 974 255 1032 titio
274 974 342 1032 sint
355 971 388 1031 Si
402 982 471 1031 sunt
491 971 658 1043 Ciceronis,
675 970 805 1051 legerim·
818 991 886 1031 cum
901 971 981 1030 Men.
996 981 1026 1032 et
1039 971 1148 1034 anh.

188 1079 241 1138 itte
262 1077 379 1160 emilam
397 1079 525 1152 siccata,
543 1077 598 1138 scd
616 1077 736 1138 humilia
756 1088 820 1151 t.,c
836 1097 897 1159 quo
918 1077 967 1138 vel
986 1080 1147 1140 minimum

188 1184 300 1245 distent
322 1186 439 1245 lenset
459 1186 531 1245 Min.
552 1184 607 1244 itta
626 1184 738 1244 siccata
756 1182 810 1243 sed
830 1182 951 1244 humilia
970 1184 1148 1268 quandoque

188 1313 225 1351 m.
248 1292 354 1362 Rosea,
374 1291 457 1373 quod
477 1312 546 1351 rom
566 1289 692 1350 humide
705 1300 810 1363 essent,
823 1290 955 1352 Varroni
969 1290 1005 1352 It
1018 1290 1055 1352 R.
1072 1312 1098 1364 1,
1113 1312 1146 1372 17

189 1407 283 1467 extr..
304 1397 394 1457 Festo
415 1407 445 1458 et
464 1397 550 1477 Virg.
572 1395 637 1458 AEn.
657 1395 736 1470 vll,
760 1415 814 1457 m:

621 1556 701 1610 Rosea
718 1573 777 1610 rurs
794 1555 881 1610 Velini

151 1714 528 1789 nsvict.vi11asecara‚
558 1737 648 1798 qoem
681 1737 813 1778 errorem
840 1718 872 1776 in
895 1717 1061 1778 novissime·
1082 1715 1147 1778 edi·

189 1826 270 1889 tione
291 1826 426 1883 correxit
440 1810 527 1896 'Ilien
541 1824 723 1906 intelligitur
744 1825 847 1901 Roseass
896 1833 899 1841 '

149 1929 189 2005 24
208 1928 287 1989 Vict.
304 1930 406 1989 Rosiae
420 1932 494 2002 vixi,
507 1941 612 1991 contro
632 1929 742 2002 libros,
761 1941 791 1989 et
810 1932 873 1989 sine
894 1931 1074 1989 necessitate.
1090 1927 1146 1988 Vi-

188 2029 237 2098 sci‚
251 2027 363 2088 seilicet
382 2029 512 2089 iucunde
533 2029 578 2088 fui
595 2029 677 2111 apud
692 2030 809 2088 Axium.
831 2027 888 2088 Sic.
902 2046 949 2108 ep.
962 2025 1099 2096 DCOEV,
1113 2025 1147 2084 3:

189 2155 258 2194 cum
271 2133 373 2194 Pansa
386 2137 448 2196 viri
459 2138 489 2197 in
504 2135 691 2216 Pompeiano.
705 2135 797 2206 Axio,
811 2143 962 2203 senatore,
980 2152 1074 2217 quem-
1089 2116 1148 2193 vit-

187 2239 248 2301 lem
262 2240 403 2302 habuisse
416 2244 447 2302 in
461 2263 534 2323 egro
548 2243 679 2303 Rosiano
692 2252 818 2303 testetur
830 2240 932 2301 Varro
945 2239 981 2298 R.
996 2239 1033 2298 R.
1048 2238 1110 2310 111,
1121 2258 1149 2298 n.

156 2393 159 2397 A
188 2346 261 2408 Mox
276 2347 383 2407 anh.
397 2349 449 2429 qui
458 2350 555 2418 etiem,
569 2359 624 2410 etc.
635 2347 690 2408 Ad
701 2360 811 2430 septem
824 2345 939 2428 Aquas,
951 2344 1031 2409 hooc
1043 2343 1149 2407 villam

188 2451 371 2513 Hotsteinius
390 2456 432 2515 nit
448 2454 541 2525 ¹fuisse
562 2455 601 2514 nd
621 2457 760 2515 intimum
781 2473 930 2514 recessum
944 2451 1044 2512 Velini
1057 2449 1148 2512 ¹lacus

186 2557 338 2619 Pedeluco
358 2560 452 2622 Reate
465 2550 676 2643 pergentibirs,
695 2560 734 2621 ed
754 2559 923 2630 dexteram,
945 2555 1028 2619 haud
1041 2553 1148 2639 procul

185 2683 205 2723 c
225 2665 319 2736 colle,
340 2688 431 2747 quem
455 2666 621 2747 Corigliano
641 2678 767 2739 vocant,
788 2686 916 2746 eamque
930 2664 1034 2726 vitiem
1055 2663 1148 2724 rusti-

186 2791 254 2831 cnm
274 2771 364 2832 fuisse
384 2793 445 2834 non
459 2777 560 2854 magni
582 2776 736 2836 momenti.
760 2772 909 2834 Graeciae.
923 2770 984 2832 Vbi
998 2789 1080 2829 nunc
1094 2789 1148 2829 ru·

186 2876 260 2938 dero
279 2876 313 2937 di
332 2877 364 2938 S.
386 2878 492 2944 mooe
511 2883 666 2954 visuntur,
686 2880 821 2941 affirmet
836 2878 1003 2960 Cheuppy,
1023 2885 1150 2957 propter

186 2994 331 3065 pontem,
352 2988 403 3065 qui
431 2985 541 3046 dicitur
563 2985 729 3069 Gn'spoldis
748 2985 939 3044 Decouverte
960 2981 997 3042 de
1022 2979 1051 3040 lc
1071 2979 1149 3039 mai-

186 3110 242 3150 son
255 3088 405 3155 d'Horece
425 3102 497 3153 tom.
512 3093 571 3165 111,
591 3115 621 3175 p.
640 3114 703 3155 111.
726 3090 785 3153 Sed
800 3093 884 3155 iuvet
903 3087 953 3152 hic
965 3083 1148 3156 describere,

186 3216 265 3276 quoe
280 3196 418 3258 laudatus
438 3198 578 3260 Rioccrdi
599 3198 691 3259 habet
705 3204 721 3274 S
734 3217 787 3258 rs:
804 3223 821 3256 ιι
832 3197 924 3276 Βορο
938 3202 1043 3275 questa
1055 3200 1151 3250 esette

187 3327 206 3359 ιι
225 3300 410 3367 'descrizione
433 3306 595 3383 (nimirum
616 3305 699 3366 hunc
724 3307 824 3386 ipsum
852 3302 1005 3363 Ciceronis
1025 3285 1148 3374 locum)
1227 3291 1230 3300 '⁴

187 3431 205 3466 ιι
225 3427 288 3471 non
309 3411 372 3489 pub
386 3409 531 3471 dubitersi
546 3412 594 3474 dci
608 3412 708 3492 luogo.
731 3411 755 3471 11
770 3422 890 3471 terreno
904 3410 1028 3473 rimasto
1041 3402 1148 3463 umido

187 3537 205 3568 ιι
225 3515 258 3572 in
279 3515 350 3594 quel
370 3526 474 3598 tempo
495 3517 510 3578 ὲ
531 3519 562 3579 lo
575 3521 675 3600 spezio
689 3519 874 3582 circoscritto
888 3512 1084 3577 attuatmente
1097 3507 1149 3569 dat

187 3644 205 3677 ιι
226 3617 297 3700 logo
318 3619 349 3680 di
370 3621 563 3704 Riposottile‚
583 3625 604 3684 il
625 3625 718 3692 fiume
734 3625 860 3694 Veline,
880 3642 897 3681 e
917 3619 1040 3680 l'intero
1061 3635 1148 3675 corso

188 3750 206 3781 ιι
227 3724 419 3800 dell'Arone,
439 3728 589 3792 chiamnto
610 3732 653 3792 fin
673 3732 712 3792 da
733 3730 803 3814 quel
829 3741 931 3809 tempo
961 3726 1072 3795 Rosea,
1092 3742 1148 3782 ore

187 3855 205 3892 ιι
227 3831 345 3907 nosce,
364 3839 549 3918 possessione
569 3839 618 3900 del
639 3848 725 3904 come
750 3839 887 3904 Mariano
909 3830 1144 3898 vincemini-⁴
