2632 4852
454 345 490 389 m
518 339 707 391 nrrsronrs
1010 321 1080 396 363

83 456 100 514 3
121 451 183 513 Vbi
206 456 346 530 quaestor
367 444 478 521 fuerat3
499 447 531 503 in
551 455 613 504 not.
635 443 672 502 ad
693 464 739 524 ep.
762 441 888 503 CLXVI
912 445 973 502 init.

78 557 197 637 4Ecld.
218 555 274 615 Ro.
296 556 372 614 lens.
394 552 447 610 lias
467 550 509 610 ad
529 564 555 611 te
575 551 649 632 epp.
666 552 684 609 l.
702 549 833 631 perferri.
855 549 970 610 Vocem
991 573 1080 634 qrram

116 665 246 746 primum
266 658 388 740 ablegat
407 656 638 721 Zeladianusb.
792 679 812 723 m

80 770 99 831 5
120 769 203 848 Quid
224 766 280 828 sibi
302 766 374 828 velit
395 785 452 825 vox
472 764 568 825 solum
586 785 648 823 non
668 763 803 845 dispicio.

78 877 183 937 osec.
205 884 270 937 tert.
299 883 329 932 et
357 871 541 953 quintusdec.
570 868 755 930 verecundus.
777 871 858 929 Tum
880 881 953 952 sept.
975 874 1001 930 si
1019 892 1079 952 qua

119 983 190 1042 milri
208 1000 316 1060 magna
336 1000 431 1062 resp.

80 1112 96 1168 7
119 1088 212 1148 Codd.
234 1087 349 1168 aliquot
366 1084 521 1167 prudenti,
542 1087 615 1145 vitio
638 1105 809 1166 operarum.

77 1196 97 1255 8
118 1195 266 1276 Repetere
286 1201 442 1274 tamquam
456 1213 491 1252 er
506 1190 616 1252 debito.
638 1193 714 1250 Nam
729 1190 781 1250 ubi
796 1212 815 1251 a
828 1193 911 1265 viro,
924 1195 972 1252 eui
987 1192 1078 1253 bene-

119 1302 237 1372 feceris,
249 1298 428 1360 beneficium
444 1311 541 1380 petas,
563 1301 626 1380 ipse
646 1310 677 1358 te
698 1309 834 1380 repetere
854 1298 1018 1379 intelliget,
1033 1301 1078 1358 in·

120 1410 186 1488 quit
207 1407 320 1467 Seneca
340 1407 378 1466 de
391 1406 462 1466 Ben.
477 1407 518 1478 V,
539 1426 636 1465 aa—
648 1405 708 1466 Cic.
724 1405 761 1465 de
776 1407 842 1464 Am.
865 1427 888 1464 c.
910 1427 938 1486 9.
958 1403 1080 1467 Cortius.

120 1513 202 1573 lnfra
224 1516 322 1574 statim
345 1513 389 1572 ed.
411 1514 485 1572 lens.
508 1513 642 1572 neeritnm
662 1533 724 1570 esse
740 1523 834 1593 putet.

77 1643 98 1701 9
119 1620 243 1679 Insolita
264 1640 330 1678 mea
351 1619 536 1690 calamitate,
555 1638 665 1699 nempe
686 1615 796 1677 exsilio.
818 1618 893 1676 Nam
915 1638 1004 1677 novus
1017 1638 1078 1678 non

119 1747 236 1808 semper
256 1746 370 1797 recens,
391 1725 442 1786 sed
462 1723 624 1806 aliquando
644 1723 814 1797 insolitum,
838 1723 1027 1796 inauditum,
1047 1737 1079 1785 et

118 1831 201 1913 quod
210 1843 330 1913 praeter
343 1834 593 1913 exspectationem
606 1830 723 1902 accidit,
737 1829 893 1912 siguificat.
910 1830 976 1891 lloc
990 1852 1078 1891 sensu

118 1939 178 1998 vid.
200 1936 282 2019 apud
303 1939 383 1998 Svet.
399 1940 429 1997 in
448 1938 541 2018 Calig.
555 1939 610 2014 4⁰3
631 1948 661 1998 et
682 1936 752 1997 Sall.
768 1937 830 1997 Cat.
844 1939 881 2013 4,
895 1938 1009 1998 facinus
1024 1938 1079 1998 Ca·

118 2045 220 2104 tilinae
248 2047 279 2103 in
307 2047 412 2126 primis
441 2043 637 2105 memorabile
664 2046 811 2104 existimat
836 2044 971 2117 sceleris,
991 2055 1080 2126 atqrce

113 2151 239 2233 periculi
257 2154 388 2211 novitate.
415 2153 525 2211 Fusius
554 2152 681 2212 Cortius.
714 2151 786 2212 Cod.
815 2162 888 2233 sept.
917 2164 1079 2234 temporum

117 2278 254 2317 uteorum.

82 2384 118 2423 ro
139 2364 222 2423 Tert.
244 2373 273 2423 et
295 2375 364 2425 sext.
387 2386 455 2425 eum
478 2365 548 2426 Zell.
571 2365 690 2426 duobus
711 2367 745 2426 ei.

81 2492 112 2529 ιι
138 2469 314 2530 Cuiusmodi
334 2472 446 2532 luerint
465 2472 517 2531 illa
537 2471 682 2532 beneficia
703 2473 776 2532 dicit
796 2473 873 2532 infra
901 2472 957 2531 illis
979 2471 1078 2533 verbis

117 2574 275 2658 quifireris
295 2579 325 2637 in
344 2580 454 2652 solute,
474 2590 504 2639 et
525 2579 671 2660 significat
692 2601 723 2640 se
743 2600 836 2660 opera
863 2582 991 2640 maxime
1018 2579 1079 2638 Cu-

118 2686 212 2744 rionis
233 2695 409 2745 revocatum
430 2685 469 2745 nb
490 2687 601 2747 exsilio.
623 2690 662 2746 At
684 2687 792 2747 vellem
805 2687 852 2747 vel
874 2689 937 2769 ipse
959 2687 1079 2760 Cicero,

118 2790 168 2849 vel
181 2800 318 2850 veterum
339 2791 447 2873 aliquis
468 2793 554 2854 nobis
576 2795 755 2875 aperuisset,
777 2793 851 2875 quid
871 2793 992 2854 tandem
1013 2814 1081 2874 ege·

120 2899 159 2956 rit
185 2896 279 2957 Curio
306 2919 365 2980 pro
392 2897 487 2960 salute
514 2901 681 2973 Ciceronis,
709 2911 743 2960 ut
768 2912 830 2960 tam
858 2905 1006 2980 gratiosus
1032 2901 1079 2961 vel

119 3003 202 3085 apud
223 3006 329 3077 istum,
350 3006 398 3066 vel
418 3006 500 3089 apud
522 3026 625 3068 omnes
646 3009 797 3068 exstiterit.
820 3006 956 3066 Tullium
978 3017 1080 3067 orato·

120 3112 165 3170 rie
195 3113 285 3170 etiam
312 3111 361 3171 hie
389 3112 550 3195 loquutum
577 3126 661 3196 puto.
688 3115 805 3176 Vocem
826 3111 982 3192 beneficia,
1004 3133 1081 3193 quae

120 3215 213 3297 vulgo
241 3220 409 3291 omittitur,
437 3223 558 3301 reposui
580 3242 614 3281 ex
635 3220 753 3281 duobus
776 3218 902 3290 Ambb,
930 3228 1020 3300 atque
1048 3239 1083 3279 ex

63 3339 65 3342 ·
119 3323 187 3383 edd.
208 3324 374 3407 prioribus,
395 3330 449 3388 etsi
471 3326 621 3409 aliquibus
642 3328 792 3389 inculcata
812 3348 847 3388 ex
868 3348 955 3408 supp.
977 3327 1082 3386 claris-

118 3430 193 3490 sima
213 3443 241 3489 et
261 3434 392 3494 maxima
414 3435 553 3516 beneficia
573 3436 668 3496 videri
690 3445 795 3519 potest.
818 3433 944 3506 Scbtitz,
959 3444 1082 3494 auctore

118 3536 366 3619 Mart-Lagaina,
388 3545 539 3624 rescripsit
559 3545 675 3613 merita,-
696 3546 748 3624 qui
763 3544 862 3604 nescio
882 3562 921 3602 nn
942 3560 1081 3622 respexe-

118 3645 181 3703 rint
201 3643 240 3703 ad
260 3645 342 3707 illud.
364 3669 410 3730 ep.
432 3649 573 3723 CLXVl,
595 3672 612 3709 2
635 3663 749 3711 tuorum
762 3669 831 3729 ergo
845 3670 890 3709 me
906 3648 1080 3708 meritorum.

81 3767 117 3807 12
138 3748 225 3808 Libri
246 3752 361 3834 aliquot
382 3766 445 3814 tum
468 3759 569 3837 scripti
591 3734 655 3817 tum
676 3759 757 3838 typis
771 3757 872 3817 excusi
887 3754 1002 3814 addunt
1016 3766 1080 3812 tnn-

103 3869 181 3915 enm
201 3860 263 3918 sine
282 3864 465 3923 necessitate.
491 3864 562 3922 llllox
589 3863 694 3924 ZelB
723 3875 752 3924 et
772 3863 838 3923 edd.
860 3863 915 3921 Ro.
938 3864 1012 3922 lens.
1035 3860 1081 3922 cel
1163 3885 1165 3890 ·

119 3983 178 4022 nott
199 3984 312 4046 capere.
