2632 4852
170 311 220 410 96
491 330 660 381 nrrsroun
686 333 832 381 oxuvrn.
950 332 981 381 u.
996 336 1029 381 v.
1048 335 1078 380 c.
1095 335 1145 395 699

220 460 241 508 2
268 439 460 511 Certiorem
485 448 520 507 te
545 461 609 535 per
632 434 750 507 literas
774 434 895 507 scribis
921 460 997 507 esse
1018 435 1171 535 sactum,

168 588 225 635 me
250 589 329 635 eum
354 563 502 634 Caesare
520 576 548 611 ¹¹
576 573 613 632 et
636 585 716 632 cum
732 561 851 660 Appio
876 585 952 633 esse
976 561 1015 632 in
1040 562 1168 658 gratia:

55 752 61 773 ,
169 702 272 790 teque
296 687 334 760 id
358 712 431 761 non
455 684 710 786 reprehendere
736 684 903 761 adscribis
910 714 920 784 3
937 685 1124 759 Vatinium
1139 704 1169 739 ¹²

167 827 298 912 autem,
323 813 410 886 scire
434 825 470 885 te
495 812 584 887 velle
609 810 785 911 ostendis,
821 810 949 913 quibus
972 810 1080 885 rebus
1107 812 1171 886 ad-

168 939 293 1013 ductus
319 937 533 1011 defenderim
558 951 594 1009 et
617 937 797 1011 laudarim.
824 936 933 1029 Quod
952 936 1019 1010 tibi
1036 952 1077 1010 ut
1091 939 1170 1038 pla-

166 1067 245 1138 nius
270 1089 460 1166 exponam,
476 1062 577 1137 altius
601 1062 720 1163 paullo
746 1064 922 1137 rationem
938 1063 1166 1138 consiliorum

165 1216 324 1266 meorum
348 1204 521 1291 repetam,
546 1215 688 1263 neeesse
713 1203 775 1262 est

216 1319 238 1391 3
263 1320 341 1416 Ego
365 1342 441 1416 me,
459 1314 624 1415 Lentule,
638 1315 741 1388 initio
757 1341 873 1389 rerum
888 1317 918 1366 ¹³
936 1328 1042 1416 atque
1060 1317 1168 1390 aetio-

166 1467 251 1515 num
276 1456 430 1542 tuarum,
456 1468 529 1515 non
555 1440 667 1515 solum
692 1442 799 1542 meis,
816 1441 1002 1514 sedetiam
1026 1443 1078 1515 rei
1103 1434 1166 1542 pu·

164 1567 276 1643 blicae
301 1570 501 1642 restitutum
524 1567 714 1668 putabam:
740 1580 799 1667 et,
828 1568 994 1669 quoniam
1018 1566 1085 1640 tibi
1109 1569 1163 1640 in-

165 1694 367 1767 credibilem
392 1693 578 1795 quemdam
616 1718 792 1790 amorem,
824 1707 861 1765 et
898 1691 1017 1765 omnia
1053 1690 1090 1765 in
1128 1707 1163 1766 te

164 1821 280 1920 ipsum
290 1818 319 1886 14
336 1845 469 1895 summa
496 1846 537 1892 ao
562 1818 748 1917 singularia
773 1817 888 1895 studia
915 1816 1097 1918 deberem,
1114 1819 1163 1890 rei

164 1944 342 2047 publicae,
368 1973 456 2047 quae
483 1959 517 2018 te
542 1947 580 2018 in
604 1969 662 2017 me
687 1944 903 2018 restituendo
928 1944 1079 2017 multum
1105 1943 1163 2017 ad-

163 2073 324 2172 iuvisset,
349 2098 428 2144 eum
455 2086 547 2144 certe
573 2096 629 2143 me
656 2072 810 2143 animum
834 2070 959 2143 merito
976 2071 1086 2170 ipsius
1105 2070 1160 2143 de-

161 2196 244 2271 bere
278 2196 492 2296 arbitrabar,
525 2220 629 2297 quem
656 2211 758 2269 antea
784 2195 1032 2268 tantummodo
1066 2221 1161 2268 eom·

160 2324 260 2396 muni
284 2323 403 2395 officio
430 2323 576 2421 civium,
593 2347 666 2395 non
687 2321 804 2423 aliquo
822 2348 902 2420 erga
919 2347 976 2393 me
997 2321 1160 2420 singulari

161 2440 333 2521 beneficio
368 2447 524 2520 debitum
554 2449 813 2547 praestitissem.
846 2448 923 2520 Hae
956 2472 1014 2519 me
1045 2461 1160 2519 mente

161 2571 266 2647 fuisse
286 2575 328 2671 ¹⁵,
354 2587 389 2645 et
413 2588 552 2646 senatus
579 2601 621 2648 ex
646 2600 719 2673 me,
752 2587 786 2646 te
819 2571 979 2672 consule,
1005 2571 1160 2671 audivit,

113 2720 117 2728 ·
161 2710 198 2770 et
229 2712 268 2770 tu
304 2699 342 2771 in
373 2701 503 2773 nostris
540 2699 757 2775 sermonibus
794 2697 1157 2799 collocutionibusque

160 2825 236 2924 ipse
268 2824 394 2899 vidisti.
431 2828 510 2900 Etsi
546 2827 616 2899 iam
651 2828 773 2926 primis
813 2818 1032 2925 temporibus
1067 2822 1159 2921 illis,

158 2949 277 3023 multis
301 2951 404 3025 rebus
418 2956 448 3004 ¹⁶
474 2979 571 3025 meus
598 2951 841 3027 offendebatur
866 2950 1020 3048 animus,
1037 2975 1158 3051 quum,

158 3089 194 3147 te
220 3092 343 3175 agente
370 3078 413 3152 de
438 3078 570 3180 reliqua
601 3093 720 3151 nostra
755 3078 923 3176 dignitate
943 3092 984 3175 ¹⁷,
1012 3089 1073 3152 aut
1098 3101 1156 3147 oc-

158 3201 252 3276 culta
277 3204 526 3278 nonnullorum
551 3205 650 3303 odia,
680 3217 740 3276 aut
766 3203 914 3276 obscura
939 3203 977 3273 in
1001 3226 1060 3273 me
1085 3212 1156 3273 stu·

158 3325 217 3401 dia
244 3329 437 3403 cernebam.
462 3331 553 3404 Nam
578 3357 691 3432 neque
710 3331 753 3403 de
771 3328 1007 3405 monumentis
1024 3329 1053 3379 ¹⁸
1069 3326 1156 3399 meis

158 3450 202 3524 ab
228 3453 269 3527 iis
296 3455 434 3528 adiutus
460 3482 512 3555 es,
539 3483 558 3528 a
585 3456 709 3562 quibus
736 3454 903 3553 debuisti,
920 3478 1036 3554 neque
1061 3451 1105 3524 de
1122 3450 1155 3524 vi

156 3576 303 3678 nefaria,
336 3607 404 3681 qua
437 3608 516 3655 oum
547 3582 651 3656 fratre
677 3609 771 3656 eram
798 3581 904 3653 domo
931 3579 1099 3679 expulsus
1116 3593 1154 3672 ¹9,

156 3726 269 3803 neque
305 3706 444 3779 hercule
477 3709 515 3782 in
548 3709 588 3780 iis
621 3711 705 3809 ipsis
739 3707 860 3804 rebus,
893 3731 999 3806 quae,
1035 3727 1151 3806 quam·

157 3853 262 3925 quom
287 3847 386 3904 erant
409 3833 494 3907 mibi
519 3848 663 3935 propter
696 3835 746 3908 rei
774 3831 949 3906 familiaris
975 3827 1147 3925 naufragia
