2632 4852
117 347 122 355 ·
166 325 214 395 88
510 340 679 389 33333333
705 343 819 392 exim.
943 341 974 391 r.
992 344 1025 392 v.
1045 344 1074 391 c.
1091 344 1143 405 699

166 447 259 520 versi
283 443 405 545 populi
429 469 541 544 paene
567 442 717 516 alllictus
742 457 803 517 est
825 441 922 518 Nihil
938 443 999 517 illo
1018 447 1164 545 turpius.

163 572 347 645 Proximus
371 584 489 643 tamen
514 583 568 642 est
591 570 674 643 Piso
687 585 728 641 9².
751 570 875 670 Itaque
898 569 1086 643 mirificum
1109 575 1166 664 ἑμ-.

164 700 267 785 Boinoa
304 696 421 794 cogito
453 696 490 768 in
523 693 717 769 secundum
748 694 918 769 librorum
949 720 1109 770 meorum
1130 696 1164 762 9³

163 820 359 921 includere,
395 820 569 895 dicentem
594 821 794 922 Apollinem
826 821 864 893 in
895 820 1046 895 concilio
1078 821 1165 895 deo-

161 974 257 1048 rum,
283 946 393 1050 qualis
417 946 548 1021 reditus
574 945 723 1022 duorum
749 948 1002 1047 imperatorum
1025 946 1163 1021 futurus

164 1087 279 1148 esset:
318 1099 468 1174 quorum
493 1071 579 1147 alter
604 1075 792 1147 exercitum
817 1071 1050 1174 perdidisset,
1075 1070 1164 1146 alter

163 1198 438 1274 vendidissetst.
473 1201 529 1271 Ex
560 1200 739 1274 Britannia
771 1200 899 1273 Caesar
930 1198 1058 1273 adme
1083 1197 1164 1271 Kal.

163 1324 258 1423 Sept
296 1324 394 1397 dedit
429 1324 568 1422 literas,
605 1351 690 1425 quas
723 1350 788 1423 ego
820 1326 942 1425 accepi
973 1352 1003 1399 3.
1030 1325 1164 1399 dIIII

162 1448 341 1522 Kalendas
367 1450 528 1549 Octobr,
544 1451 627 1522 satis
650 1448 853 1524 commodas
881 1449 925 1522 de
949 1450 1162 1523 Britannicis

162 1573 282 1673 rebus,
309 1575 450 1677 quibus,
475 1601 520 1649 ne
545 1576 712 1676 admirer,
737 1575 833 1676 quod
859 1588 938 1650 ate
963 1575 1078 1649 nullas
1103 1602 1162 1649 ac-

163 1700 332 1800 ceperim,
357 1700 493 1800 scribit,
517 1728 554 1774 se
579 1701 653 1774 sine
679 1716 714 1774 te
740 1701 861 1800 fiiisse,
876 1716 986 1802 quu'm
1002 1700 1049 1774 ad
1065 1727 1160 1775 mare

165 1826 358 1898 accesserit.
390 1826 447 1900 Ad
479 1853 537 1900 333
571 1853 635 1926 ego
670 1829 702 1900 ei
725 1826 843 1932 literas
866 1825 954 1899 nihil
978 1826 1162 1928 rescripsi,

163 1974 208 2025 ne
236 1951 431 2050 gratulandi
457 1952 598 2054 quidem
623 1979 744 2052 causa,
763 1967 909 2053 propter
925 1953 1000 2057 eius
1015 1952 1159 2027 luctum.

152 2073 215 2149 ‘Te
241 2102 304 2152 333
330 2078 435 2153 etiam
461 2094 564 2180 atque
590 2081 713 2179 etiam,
737 2080 786 2152 mi
810 2079 931 2179 frater,
955 2093 996 2153 ut
1021 2076 1147 2156 valeas.

548 2331 748 2407 CXLVII.
881 2372 935 2431 (33
949 2373 1077 2431 mevit,
1093 2373 1136 2428 1⁶)

160 2503 377 2582 Aminearum.
409 2508 455 2566 lta
485 2507 589 2569 laudat
614 2508 749 2569 Trebatii
777 2511 952 2591 sapientiam
979 2512 1012 2569 in
1034 2509 1156 2570 vitando

200 2607 348 2670 bellorum
378 2612 567 2687 discrimine,
596 2625 631 2676 ut
661 2615 827 2676 timiditatis
860 2615 948 2680 simul
976 2628 1107 2698 arguat,
1129 2625 1157 2675 et

201 2715 259 2776 alia
279 2738 334 2799 per
354 2721 454 2780 iocum
474 2721 624 2802 adiungat.

320 2915 373 2976 Scr.
392 2925 485 2977 llomae
503 2926 534 2976 Α.
553 2925 587 2977 V.
607 2925 636 2980 C.
654 2927 798 2995 Dcxctx,
813 2911 902 2980 333333
919 2927 990 2996 Sept.

357 3173 360 3178 .
445 3121 588 3187 CICERO
612 3123 811 3191 TREBATIO
837 3127 867 3190 S.

208 3325 252 3397 In
279 3350 369 3428 equo
395 3328 551 3401 Troiano
576 3330 643 3402 scis
668 3355 742 3403 3333
767 3332 804 3403 in
829 3344 984 3406 extremo
994 3348 1020 3431 ¹,
1040 3365 1058 3401 a
1080 3358 1154 3407 sero

167 3479 184 3514 α
204 3452 392 3551 sapiunt».
412 3455 468 3526 Tu
485 3469 619 3554 tamen,
643 3457 692 3528 mi
717 3455 850 3556 vetule,
866 3482 941 3531 non
967 3484 1055 3534 sero.
1081 3461 1155 3534 Pri·

70 3578 73 3597 '
159 3593 267 3648 mas²
292 3577 367 3652 illas
392 3580 583 3654 rabiosulas
616 3596 670 3657 sat
697 3568 810 3657 fanias
836 3513 979 3657 dedisti:
1006 3586 1152 3695 deinde,

157 3702 287 3798 quod
277 3731 315 3777 111
339 3707 517 3827 Britannia
541 3736 615 3783 non
638 3712 741 3784 nimis
765 3713 979 3807 3313333333
996 3726 1034 3785 te
1058 3738 1151 3815 prae·

156 3822 263 3899 buisti
273 3831 411 3930 ,plane
436 3861 509 3910 non
533 3838 760 3938 reprehendo.
792 3839 894 3916 Nunc
924 3866 1010 3916 vero
1035 3843 1072 3914 in
1096 3839 1146 3912 hi·
