2632 4852
516 335 686 387 srrsrom
710 339 798 390 cuxr.
942 338 973 387 Α.
987 302 1068 421 uc.
1085 341 1136 404 ⁶99

423 540 479 593 Ser.
497 540 648 594 temnet.
659 536 692 595 V.
709 539 739 592 C.
757 538 893 592 DCXCIX.

171 742 265 806 ut.
289 741 326 806 Τ.
349 738 556 818 ctctuou
574 736 764 803 PHILIPPO
787 735 961 803 PROCOS.
971 747 981 781 ¹
986 739 1048 815 S
1063 722 1102 804 Ι).

110 1035 113 1040 ,
214 907 381 1021 Gratulor
405 943 489 1043 tibi,
519 942 616 1045 quod
648 967 691 1014 ex
722 941 936 1042 provincie²
957 868 1097 1019 salvum
1122 961 1155 1020 te

165 1072 210 1147 ud
235 1087 315 1146 tuos
346 1064 524 1171 recepisti,
552 1067 722 1141 incolumi
753 1067 844 1141 Ιιιιιιι
875 1078 912 1141 et
942 1069 1153 1171 republica

164 1198 321 1294 Quod
295 1225 325 1271 ιι
349 1197 480 1272 Romae
505 1209 540 1268 te
562 1193 748 1299 vidissem,
765 1196 911 1297 corem³
904 1197 1057 1299 gratias
1074 1199 1156 1327 egis-

70 1334 74 1344 '
162 1351 253 1423 sem,
277 1322 373 1426 quod
398 1298 516 1396 tibiL
533 1319 719 1420 Egnatius,
734 1290 1020 1395 familiarissimis
1045 1317 1157 1423 meus,

162 1450 306 1548 absens,
329 1451 369 1523 L
396 1447 551 1548 Oppius,
575 1444 778 1546 praesensi,
793 1471 908 1521 cuiue
912 1446 1044 1522 fuisset.
1067 1449 1155 1523 Cum

161 1573 348 1695 Antipatro
371 1572 525 1648 Derbete
549 1561 637 1644 mihi
656 1593 728 1645 uon
745 1571 858 1677 solum
874 1572 1084 1689 hospitium,
1100 1595 1155 1648 re·

161 1727 238 1775 rum
271 1703 378 1776 etiam
401 1696 570 1773 summa⁵
594 1678 806 1801 familiaritas
828 1661 1044 1774 intercedit
1052 1700 1098 1802 Εἰ
1120 1713 1155 1772 te

160 1826 386 1901 vehementer
416 1823 653 1932 succensuisse
684 1822 819 1924 audivi,
849 1837 885 1898 et
907 1821 1057 1900 moleste
1081 1825 1166 1899 tuli.

159 1953 212 2028 De
243 1979 281 2027 re
312 1951 401 2027 nihil
436 1978 585 2054 possum
615 1951 787 2052 iudicare,
817 1951 884 2053 nisi
915 1923 1037 2048 illud⁶¹
1068 1942 1153 2046 mihi

159 2092 253 2153 certe
285 2078 500 2180 persuadeo,
529 2093 582 2180 te,
598 2077 722 2154 telem
751 2078 896 2176 virum,
912 2075 1006 2179 nihil
1025 2091 1151 2152 temere

158 2204 288 2278 secisse.
313 2207 342 2276 Λ
368 2219 404 2278 te
427 2213 563 2304 summ,
586 2222 654 2306 pro
679 2217 798 2279 vetere
821 2217 949 2279 nostre.
967 2205 1154 2284 uecessitu-

158 2329 257 2430 dine,
283 2330 388 2404 etiam
413 2344 517 2434 utque
541 2329 648 2405 etiam
672 2345 774 2433 peto,
798 2344 839 2405 ut
861 2330 936 2404 eius
959 2329 1072 2432 filios,
1095 2331 1152 2432 qui

157 2454 195 2528 in
220 2469 280 2528 tua
305 2469 480 2557 potestate
502 2466 601 2558 suut,
616 2457 702 2530 mihi
718 2457 941 2559 potissimum
953 2456 1151 2554 'condones3

157 2581 224 2656 uisi
249 2580 334 2684 quid
359 2583 564 2657 existimas?
590 2585 628 2658 in
653 2610 756 2658 eure
781 2582 904 2658 violari
933 2583 1150 2678 existimatio

155 2731 238 2781 nem
263 2720 367 2782 tuem.
394 2709 503 2802 Quod
526 2736 591 2810 ego
617 2710 646 2783 si
671 2709 871 2809 arbitrarer,
899 2735 1093 2819 numquem
1119 2723 1150 2782 te

155 2858 336 2934 rogarem3
359 2835 513 2939 mihique
546 2850 606 2911 tua
639 2836 730 2910 fama
762 2835 873 2918 multo
899 2822 1078 2938 antiquior
1100 2861 1150 2908 es·

155 2973 230 3061 set,
258 2988 363 3064 quam
386 2961 446 3036 illu
470 2961 691 3037 necessitudo
718 2976 778 3036 est.
804 2961 874 3035 Sed
898 2961 987 3035 mihi
1011 2963 1062 3035 ita
1078 2987 1148 3062 per

155 3083 315 3161 suadeo⁸
339 3096 477 3190 (potest
501 3091 593 3189 fieri,
624 3103 665 3162 ut
695 3088 817 3177 fallar)
852 3113 929 3161 eam
957 3114 1033 3160 rem
1049 3085 1147 3178 ⁴laudi

155 3210 221 3283 tibi
244 3214 384 3313 potius,
410 3242 514 3317 quam
548 3217 796 3315 vituperationi
829 3214 911 3287 fore.
946 3212 1046 3306 Quid
1079 3210 1146 3283 fieri

154 3340 268 3436 possit
284 3357 311 3438 9,
336 3354 371 3412 et
396 3339 480 3441 quid
504 3367 581 3415 mea
607 3367 711 3415 causa
742 3341 854 3415 facere
883 3341 999 3441 possis
1024 3347 1145 3434 (nam,

157 3464 242 3564 quin
262 3481 290 3515 ¹⁰
316 3465 418 3565 velis,
442 3492 514 3540 non
540 3466 709 3568 dubito),
741 3467 863 3566 velim,
894 3468 924 3540 si
954 3468 1022 3543 tibi
1048 3490 1141 3568 grave

92 3574 94 3580 ἢ
157 3614 230 3663 ιιοιι
255 3591 340 3692 erit,
365 3595 547 3668 certiorem
573 3621 629 3668 me
653 3595 767 3668 facias.
970 3582 998 3589 '¹
