2632 4852
166 347 233 442 198
512 361 682 411 sersaoni
709 362 798 409 ccix.
939 363 1023 412 tv.
1042 354 1135 417 0699
1173 384 1176 389 -

206 471 232 544 6
256 465 364 559 Quod
390 491 445 537 me
470 465 638 564 hortaris,
662 478 701 536 ut
727 461 928 538 absolvam:
954 463 1072 537 habeo
1098 467 1158 539 ab·

159 594 313 668 solutum
337 616 459 691 suave,
482 590 569 664 mihi
594 588 737 692 quidem
760 591 814 662 uti
838 588 994 690 videtur,
1021 598 1089 671 ἔπος
1114 593 1158 666 ad

159 723 342 796 Caesarem
361 720 407 819 ¹⁸5
432 717 496 791 sed
521 743 652 819 quaero
675 715 890 817 locupletem
914 715 1157 817 tabellarium,

158 872 203 934 ne
228 844 365 919 accidat
389 842 486 946 quod
511 845 686 942 Erigonae
711 857 792 917 tuae
812 858 858 942 ¹⁹3
884 844 942 915 cui
966 842 1053 943 soli,
1077 847 1158 918 Cae

158 998 234 1048 sare
258 973 483 1073 imperatore,
506 970 572 1042 iter
596 995 640 1043 ex
665 968 780 1042 Galba
804 981 921 1041 tutum
935 993 1020 1042 -non
1046 970 1119 1042 fuit

209 1125 231 1199 7
257 1094 301 1123 ⁰
326 1094 444 1187 Quid?
462 1111 492 1143 ²⁰
526 1096 555 1168 si
593 1108 813 1169 caementum
835 1093 972 1167 bonum
996 1119 1072 1168 non
1096 1095 1155 1169 ba·

158 1223 279 1323 beam,
304 1220 485 1294 deturbem
511 1219 771 1294 aedificiumt·1
790 1218 888 1322 quod
913 1219 1058 1320 <pridem
1076 1247 1157 1323 quo-

158 1347 246 1422 tidie
281 1348 367 1421 mibi
402 1348 512 1446 magis
549 1346 685 1447 placet:
721 1345 760 1418 in
793 1346 986 1448 primisque
1018 1345 1157 1420 inferior

159 1475 332 1576 porticus,
356 1487 392 1546 et
417 1474 490 1546 eius
517 1470 697 1545 conclavia
723 1472 813 1544 fiunt
836 1484 941 1544 recte.
972 1473 1028 1544 De
1049 1473 1156 1559 Arca·

158 1578 405 1703 no,'Caesaris
431 1624 521 1699 opus
546 1612 617 1696 cst,
647 1596 706 1671 vel
734 1595 933 1672 mehercule
959 1599 1067 1672 etiam
1091 1596 1155 1670 ele-

159 1728 325 1826 gantioris
351 1724 503 1798 alicuius.
529 1723 702 1822 Imagines
728 1724 821 1796 enim
846 1725 953 1824 istae,
985 1738 1023 1797 et
1046 1723 1154 1825 palae·

159 1864 240 1950 stra,
256 1865 293 1923 et
308 1852 452 1952 piscina,
469 1864 505 1922 et
521 1848 622 1950 nilus,
637 1848 829 1923 multorum
844 1848 1117 1926 Philotimorum
1126 1867 1153 1899 ²²

159 1993 230 2078 est,
253 2003 325 2051 non
350 1976 582 2077 Diphilorum.
614 1974 684 2048 Sed
709 1990 746 2048 et
768 1976 836 2076 ipsi
856 2000 897 2050 ca
915 1975 1105 2074 adibimus,
1121 1990 1154 2048 ct

160 2106 356 2202 mittemus,
381 2116 417 2175 et
440 2100 694 2176 mandabimus.

207 2233 231 2305 8
255 2231 309 2302 De
333 2227 460 2302 Felicis
493 2240 704 2301 testamento
734 2238 810 2299 tum
842 2228 954 2326 magis
994 2254 1154 2330 querare,

158 2357 188 2429 si
213 2357 310 2429 scias.
337 2355 433 2448 Quas
460 2355 554 2426 enim
577 2352 714 2427 tabulas
739 2378 776 2425 se
798 2354 940 2454 putavit
957 2353 1153 2455 obsignare,

158 2481 195 2552 in
220 2480 345 2582 quibus
370 2481 407 2553 in
439 2480 549 2554 unciis
566 2480 598 2528 ²³
624 2479 861 2555 firmissimum
894 2493 1058 2555 tenuerat
1083 2480 1152 2569 (la-

157 2632 243 2706 psus
267 2619 321 2679 est
344 2633 409 2705 per
433 2632 588 2682 errorem
613 2619 649 2678 et
673 2633 791 2706 suum,
808 2620 845 2679 et
866 2605 1010 2679 Sicurae
1036 2608 1152 2702 servi),

157 2757 231 2804 non
256 2731 466 2830 obsignavit:
491 2759 577 2835 quas
601 2730 732 2832 noluit,
755 2758 815 2806 eas
840 2731 1052 2831 obsignavit.
1080 2729 1152 2802 ’tn’

156 2864 323 2956 οἰμωζέτωε
349 2883 414 2931 nos
439 2858 548 2933 modo
574 2857 761 2933 valeamus.

206 3011 231 3084 9
256 2985 462 3059 Ciceronem
478 2984 527 3084 ²4,
561 3000 597 3058 et
621 2997 662 3056 ut
686 3009 805 3083 rogas,
837 3009 936 3084 amo,
961 2998 999 3057 et
1024 2997 1065 3058 ut
1088 3010 1152 3057 me·

156 3124 270 3210 retur,
295 3125 331 3183 et
354 3125 395 3186 ut
419 3109 541 3183 debeo.
575 3111 724 3186 Dimitto
759 3124 876 3184 autem
908 3137 928 3182 a
954 3136 1035 3210 me,
1060 3125 1097 3184 et
1119 3123 1151 3182 ut

156 3261 177 3307 a
202 3236 375 3334 magistris
400 3263 445 3309 ne
471 3236 661 3335 abducam,
686 3249 722 3310 et
747 3236 844 3338 quod
868 3250 981 3310 mater
1006 3240 1152 3337 Pompo·

157 3361 215 3434 nia
232 3363 264 3412 ²⁵
290 3361 459 3461 discedit,
495 3365 569 3436 sine
595 3390 663 3464 qua
689 3363 897 3436 edacitatem
924 3364 1026 3462 pueri
1053 3362 1149 3465 perti-

156 3512 283 3563 mesco.
317 3490 387 3564 Sed
418 3515 537 3563 sumus
569 3517 639 3563 una
657 3493 689 3541 ²⁶
716 3503 834 3563 tamen
866 3488 971 3563 valde
1000 3490 1146 3563 multum

156 3611 328 3714 Rescripsi
345 3615 391 3691 ad
407 3616 534 3715 omnia,
547 3617 597 3689 mi
614 3617 818 3693 suavissime
835 3630 871 3690 et
887 3617 1026 3715 optime
1045 3616 1143 3693 frater.
