2632 4852
436 384 473 428 m
499 380 688 431 amarante
989 363 1055 458 34¹

100 495 215 548 constet
235 504 269 544 ex
292 504 372 565 seqq.
394 482 421 541 si
439 482 550 543 Romae
570 496 597 544 te
618 482 757 546 vidissem.
779 482 872 545 Abest
895 507 1000 548 revera
1020 487 1060 548 ab

101 594 218 675 aliquot
238 589 348 652 nmbb.
370 600 401 650 et
420 589 487 650 edd.
508 590 583 651 lens.
604 590 678 650 Min.

58 723 77 761 a
99 704 184 772 Asia,
195 703 227 760 in
238 720 299 782 qua
310 696 521 779 negotiabatur
531 698 565 758 L.
581 697 715 781 Oppius,
728 700 781 780 qui
795 699 827 760 ln
840 719 889 782 ep.
902 700 1060 789 DCLliX‚

97 784 210 869 dicitur
240 807 387 888 negotiari
414 802 578 864 Philomeli.
610 803 813 865 Philomelam
844 815 959 866 autem¹
973 809 1060 871 Asiae

99 913 173 974 urbs
199 923 244 973 est
274 914 341 994 (ep.
363 906 523 982 CCXXII,
549 913 591 988 1).
611 908 772 972 Praeterea
792 911 827 971 L.
848 911 985 994 Egnatii,
1006 915 1059 995 qui

99 1036 168 1079 cum
191 1019 295 1100 Oppio
315 1016 365 1076 hic
386 1016 593 1098 coniungitur,
613 1016 741 1077 Asiatica
762 1019 882 1099 negotia
902 1020 1059 1094 nominan-

99 1137 151 1187 tur
170 1127 202 1185 in
222 1145 269 1207 ep.
291 1120 472 1185 DCLXXII.
493 1121 579 1186 Vidit
598 1123 760 1184 Manutius.

58 1232 249 1293 3Graevias
270 1250 304 1290 ex
326 1229 399 1290 Hitt.
428 1228 491 1289 Pal.
519 1250 577 1290 sex.
599 1239 629 1290 et
654 1229 807 1291 nonnullis
836 1229 901 1290 aliis
925 1229 1061 1313 Quadra

100 1339 213 1399 Romae
223 1337 350 1419 fuissem
375 1348 401 1396 te
422 1334 570 1411 vidissem,
589 1356 753 1418 coronaque.
774 1335 852 1396 Edd.
873 1336 952 1399 Vict
975 1335 1059 1397 Geb-

98 1444 185 1505 hardi
207 1455 237 1505 et
257 1445 344 1505 Grut.
370 1443 497 1527 quod
470 1466 496 1504 ει
516 1444 642 1505 Romae:
671 1456 697 1504 te
722 1441 869 1516 vidissem,
894 1465 1058 1526 coronaque.

55 1553 79 1630 4
100 1551 166 1612 Hoc
187 1562 246 1621 est,
267 1552 296 1610 in
317 1561 370 1610 tua
390 1553 546 1633 provincia
560 1550 678 1632 degens.
701 1549 772 1609 Μοι
786 1569 864 1610 unus
885 1548 991 1611 Lamb.
1006 1571 1058 1609 cu-

98 1679 149 1718 rae
160 1656 303 1741 fuissent,
324 1667 428 1719 contra
449 1677 564 1717 morem
587 1656 748 1718 Ciceronis.

54 1764 78 1826 5
100 1765 191 1825 Abest
211 1784 325 1825 summa
346 1786 364 1823 a
384 1763 449 1824 cod.
470 1763 571 1825 Recal.

55 1871 78 1932 6
99 1871 227 1944 schitia,
241 1880 364 1932 auctore
378 1871 528 1943 Ernesto,
541 1871 598 1930 nisi
608 1869 688 1953 quod
700 1871 782 1932 iibrd.
797 1871 868 1932 Mox
881 1869 1059 1933 adverbium
1086 1926 1089 1932 .

97 1991 173 2039 certe
192 1977 277 2039 abest
297 1976 336 2038 ab
358 1975 466 2038 Ambb.
487 1976 592 2039 tribus.

57 2085 155 2168 7Ed.
176 2082 282 2145 Minui.
304 2085 460 2146 existimes.

55 2191 157 2254 8Hia
178 2212 301 2274 quoque
319 2191 495 2274 particula
484 2203 524 2252 tta
537 2189 696 2263 redundat
719 2200 757 2251 ut
775 2187 868 2252 aliis
860 2211 891 2251 m
911 2188 1002 2263 locis,
1019 2189 1058 2251 de

97 2297 236 2381 quibus
228 2320 259 2359 u]
281 2298 393 2370 indice,
415 2297 549 2359 sednon
570 2301 633 2358 sine
654 2296 759 2379 gratia.

53 2428 76 2489 9
98 2404 148 2465 Sic
170 2408 284 2488 primns
304 2401 489 2478 Lambinus,
509 2416 574 2466 tum
596 2425 667 2466 vero
687 2404 845 2465 Ernestius
865 2424 900 2466 ex
921 2403 1058 2486 iugenio,

98 2514 191 2572 etsie
212 2508 324 2573 habent
344 2510 430 2572 codd.
452 2512 512 2573 Zel.
533 2511 557 2572 B
579 2523 608 2572 et
629 2512 701 2586 Rea.
723 2510 808 2572 Olim
825 2520 931 2594 posset.
1050 2534 1060 2547 ··

59 2638 96 2679 ιο
117 2620 164 2679 Ita
184 2617 305 2680 volebat
332 2618 478 2680 Graevius
506 2641 544 2681 ex
570 2641 624 2680 suo
653 2641 710 2680 sec.
731 2619 820 2692 cod.‚
840 2629 869 2681 et
890 2616 1060 2680 rescribunt

96 2736 168 2808 post
187 2724 360 2787 Ernestium
382 2728 571 2788 recentiores.
593 2726 678 2788 Olim
698 2725 779 2809 quid.

498 2962 619 3028 CLXII.

58 3175 69 3212 ι
94 3149 227 3215 Videtur
247 3152 398 3214 Calleolus
422 3153 527 3234 Illyrio
555 3149 737 3236 praefuisse,
764 3155 835 3235 quia
859 3149 1058 3211 nominantur

94 3260 247 3321 Bulliones
268 3260 381 3342 lllyrici
401 3260 516 3342 populi.
539 3260 632 3338 Quod
652 3263 675 3320 si
697 3263 739 3320 ita
760 3271 819 3332 est.
838 3257 970 3341 praefuit
990 3265 1058 3315 ante

93 3369 230 3449 primum
246 3366 381 3427 Caesaris
395 3367 593 3428 consulatum.
614 3368 690 3427 Nam
705 3367 824 3428 Caesari
839 3367 973 3448 primum
988 3381 1059 3422 aon·

94 3473 152 3534 suli
174 3475 227 3552 (A.
241 3473 415 3554 DCXClV)
439 3474 554 3536 Galliae
575 3477 732 3556 utriusque
754 3484 784 3533 et
804 3472 916 3553 lllyrici
932 3469 1060 3530 admini-

94 3581 200 3641 stratio
221 3580 363 3641 mandata
383 3591 445 3643 est:
457 3581 517 3640 Nec
537 3601 612 3642 vero
632 3592 702 3664 post
723 3579 881 3640 Caesarem
905 3575 1058 3637 Culleolus

93 3688 125 3746 ia
146 3685 304 3768 illyricum
326 3687 370 3748 ire
389 3691 497 3770 potuit.
524 3688 599 3747 Nam
625 3690 696 3748 vivo
723 3687 872 3769 Pompeio
900 3682 1058 3764 epistolam

93 3794 239 3878 scriptam
260 3815 323 3857 esse
344 3805 467 3857 constat.
490 3796 607 3856 Manat.

52 3921 69 3960 a
90 3899 249 3973 Eundem,
269 3905 322 3982 qui
342 3900 538 3963 historiarum
552 3905 681 3986 scriptor
695 3913 758 3965 erat
775 3903 837 3983 (ep.
852 3896 990 3977 cvm),
1003 3914 1060 3977 pu·
