2632 4852
157 316 229 391 368
520 331 790 384 nruorsrrorrns
834 374 836 381 .

194 452 243 500 tus
263 439 301 499 de
321 440 372 508 vi,
391 436 550 496 damnatus
579 446 625 495 est
649 437 749 496 statim
776 442 846 515 post
865 432 1041 515 depositum
1062 441 1160 520 magi-

194 557 331 607 stratum.
352 543 388 603 Id
408 542 491 624 quod
510 540 570 603 hoc
590 544 656 623 ipso
676 562 756 622 anno
774 542 894 601 evenire
912 551 1052 623 poterat,
1066 565 1160 625 quum

194 675 220 712 a.
242 652 271 712 d.
292 652 337 714 IV
357 649 401 710 Id.
422 651 495 709 Dec.
520 646 634 708 tribuni
660 647 702 728 pl.
723 649 901 728 magistratu
920 668 952 707 se
974 647 1159 712 abdicarent.

194 760 272 819 Cler.
285 758 366 817 Plut
386 759 418 816 in
437 756 546 836 Pomp.
567 763 597 814 et
617 753 731 814 Catone
751 756 823 814 min.
843 773 912 834 pag.
932 776 1008 836 7773
1028 756 1157 819 Dionem

196 865 248 926 lib.
269 865 343 936 XL,
364 885 389 923 c.
410 861 466 933 55,
487 872 517 921 et
537 859 703 921 Pedianum
724 863 756 920 in
776 859 881 921 Milon.

155 972 176 1032 8
196 971 231 1030 Ρ.
252 969 351 1031 Clodii
371 991 390 1028 a
409 967 523 1028 Milone
543 966 602 1028 hoc
622 988 702 1028 anno
724 969 820 1027 occisi.
843 966 964 1028 Setaea.

155 1099 176 1159 9
195 1074 297 1136 Malui
319 1075 384 1135 vult
410 1073 586 1144 Schtitzius,
606 1083 675 1155 post
702 1072 786 1154 quod
806 1071 940 1133 Andreas
967 1073 1007 1134 de
1035 1075 1158 1135 Franci-

196 1184 252 1242 scis
277 1179 419 1240 subaudit
444 1177 624 1240 contendere.
652 1179 716 1255 Qui
742 1181 816 1238 item
833 1179 1014 1238 ‘'calmute
1043 1181 1160 1262 supplet

195 1289 316 1361 inimici,
335 1285 418 1368 quod
438 1286 558 1347 videtur
577 1283 727 1345 excidisse.
748 1286 862 1344 Totum
877 1285 981 1346 locum
1003 1287 1048 1347 sic
1062 1286 1160 1369 expla-

195 1405 250 1454 nat
269 1394 440 1453 Ernestius:
461 1392 551 1452 Malle
572 1412 603 1451 se
623 1392 697 1451 dicit
716 1393 853 1451 inimicos
868 1413 938 1452 suos
952 1398 1071 1473 poenas
1090 1392 1159 1454 dare

194 1521 250 1583 per
269 1497 429 1570 iudicium,
450 1519 541 1578 quarn
561 1519 617 1579 per
638 1508 783 1570 mortem3
803 1499 906 1578 itaque
927 1518 959 1557 se
980 1501 1082 1578 magis
1104 1499 1160 1558 lae-

194 1609 253 1667 tari
266 1605 379 1666 Bursae
393 1605 512 1676 exsilio,
526 1626 618 1686 quam
633 1604 731 1664 Clodii
745 1615 856 1665 morte:
869 1604 930 1664 hoc
944 1605 984 1664 ad
998 1607 1161 1677 Milonem,

195 1715 248 1793 qui
268 1721 461 1771 accusaverat
479 1710 615 1770 Bursam.
637 1710 720 1769 Illius
741 1712 832 1791 igitur
852 1731 899 1782 se,
920 1713 977 1782 ait,
999 1711 1100 1791 gloria
1125 1733 1158 1770 er

195 1816 248 1876 illo
269 1817 380 1877 iudicio
400 1818 496 1897 magis
516 1815 637 1888 laetari,
656 1836 750 1896 quam
769 1816 883 1875 Bursae
897 1815 1091 1889 calamitate,
1103 1819 1122 1876 i.
1134 1837 1159 1877 e.

196 1922 308 1984 exallio.

160 2049 196 2089 ro
214 2029 315 2091 Nostri
335 2027 356 2090 6
376 2041 406 2090 et
430 2027 467 2090 15
486 2032 549 2091 sine
569 2052 624 2091 me.
662 2113 664 2117 Α

159 2157 191 2196 11
214 2135 353 2218 Pompeii
373 2137 485 2218 Magni.
508 2138 629 2198 Setiae.

160 2262 194 2302 ra
215 2242 266 2303 Sic
290 2242 398 2304 melius
422 2247 518 2304 nostri
544 2265 664 2316 omnes,
690 2245 760 2305 Rec.
781 2243 902 2305 Zeladd.
926 2246 968 2316 d,
991 2244 1069 2305 Bet
1094 2244 1156 2305 edd.

195 2358 266 2408 vett.
286 2348 390 2429 Vulgo
411 2349 579 2422 Postremo,
599 2350 658 2411 vix.

161 2455 195 2513 13
216 2454 305 2514 Α11111.
331 2456 365 2514 13
386 2476 631 2536 oppugnaveram.

160 2560 195 2634 14
215 2559 381 2620 Lambinus
407 2572 438 2621 et
466 2560 576 2621 Sobiitz
604 2561 740 2632 aditura3
760 2561 844 2642 quod
864 2571 909 2622 est
930 2563 1089 2636 usitatius3
1109 2560 1155 2620 sed

193 2665 352 2745 vulgatum
364 2687 426 2726 non
440 2667 590 2749 improbo.
605 2668 688 2727 Tum
701 2679 804 2728 noster
815 2666 835 2728 6
847 2686 991 2747 magnum
1002 2667 1154 2750 quoddam.

160 2767 195 2829 15
214 2769 351 2843 Gabinii,
371 2774 504 2845 Pisonis,
523 2774 663 2855 Pompeii
684 2776 804 2855 Magni,
825 2784 880 2834 etc.

158 2874 194 2935 16
213 2876 386 2959 Voluptatis
417 2900 515 2940 causa.
543 2879 593 2940 Sic
619 2879 718 2940 Plaut.
744 2879 834 2962 Epid.
864 2880 899 2951 l,
928 2901 962 2951 1,
985 2881 1042 2958 43:
1068 2880 1152 2959 capti-

194 3003 259 3042 vam
278 2984 528 3047 adolescentulam
546 2986 585 3046 de
602 2987 719 3069 praeda
738 3000 883 3048 mercatus
904 2989 1152 3049 εει-0111111111

194 3092 284 3152 emit?
296 3095 442 3153 -animi
459 3115 558 3154 caasa.
789 3089 791 3092 ¹

75 3278 81 3291 .
160 3216 193 3276 ¹7
216 3196 255 3257 Se
277 3198 516 3260 subornatorum
545 3222 623 3274 esse,
650 3212 686 3260 ut
713 3222 832 3282 semper
856 3221 907 3260 me
934 3201 1103 3268 infestaret,
1127 3208 1150 3257 et

194 3305 311 3364 iniuriis
339 3304 481 3366 afficeret.
502 3306 560 3387 Ep.
583 3306 758 3380 CCXXIII,
779 3327 811 3365 a:
833 3305 875 3365 Et
898 3318 1060 3387 praeterea
1078 3303 1150 3364 dcvi

192 3428 260 3468 reus
280 3410 450 3491 aquodam
470 3414 617 3473 emissario
650 3412 741 3472 Tettio
760 3411 865 3493 factus
885 3423 938 3470 est.
962 3413 1073 3472 Graev.
1097 3410 1147 3468 Νο-

195 3524 255 3574 ster
279 3517 314 3575 13
335 3517 458 3578 fortasse
479 3522 620 3579 intentius
631 3518 702 3600 fhre
722 3538 842 3599 semper.

159 3617 193 3677 18
213 3619 367 3702 Pompeii,
381 3627 433 3705 qui
447 3624 594 3685 Plancum
608 3625 757 3699 laudavii3
769 3623 820 3684 vid
834 3624 969 3683 Dionem
982 3623 1058 3694 XL,
1071 3643 1095 3681 c.
1108 3617 1145 3678 55.

193 3724 275 3785 Lecti
294 3728 419 3803 indices,
439 3733 490 3792 sic.
510 3753 557 3814 ep.
578 3733 667 3804 XIX,
689 3733 720 3792 3:
742 3731 880 3790 Placeret
900 3751 937 3789 ne
956 3732 986 3790 ei
1008 3727 1143 3788 inantea

191 3845 326 3908 praetore
358 3837 421 3916 legi.
453 3837 523 3898 Cfer
549 3839 637 3900 Verr.
663 3840 727 3900 Act.
756 3838 790 3909 I,
814 3857 839 3896 c.
866 3837 907 3911 33
934 3846 966 3896 et
994 3855 1053 3918 pro
1083 3833 1140 3892 Ros.

88 3986 92 3992 .
192 3938 257 3997 Am.
280 3961 304 3999 c.
327 3942 353 3998 3.
