2632 4852
159 331 209 405 68
499 351 668 402 errorum
694 355 807 403 cxcvi.
933 338 1128 415 annom

160 455 345 530 videbatur
368 453 517 529 atriolo:
550 480 664 558 neque
699 455 770 528 sere
801 453 908 555 solet,
938 455 1005 528 nisi
1036 456 1075 528 in
1099 453 1154 528 his

162 580 326 656 aedificiis
350 582 447 683 fieri,
478 583 515 655 in
545 580 669 684 quibus
694 594 747 655 est
762 580 898 655 'atrium
921 581 1053 655 maius:
1086 556 1152 654 uec

160 707 287 782 babere
312 721 483 809 potesate
511 708 674 781 adiuncta
705 706 881 806 cubicula,
913 721 949 779 et
981 705 1154 780 eiusmodi

155 812 323 909 membra.
348 834 450 909 Nunc
471 833 557 907 baec
574 834 631 907 vel
647 834 830 908 honestate
846 831 1032 907 testudinis
1048 830 1153 905 valde

159 958 244 1033 boni
270 961 391 1034 aestivi
413 959 532 1033 locum
557 958 730 1032 obtinebit
748 974 787 1031 ¹⁰.
813 958 869 1030 Tu
894 971 1013 1030 tamen
1038 957 1069 1028 si
1094 956 1152 1029 ali-

160 1101 213 1159 ter
237 1088 361 1188 sentis,
384 1085 534 1161 rescribe
560 1111 665 1187 quam
689 1085 851 1185 primum.
876 1084 919 1157 In
942 1081 1151 1181 balneariis,

161 1240 237 1286 assa
256 1228 287 1263 ¹¹
310 1214 348 1283 in
373 1212 519 1285 altemm
544 1211 742 1313 apodyterii
773 1207 936 1308 angulum
967 1208 1153 1307 promovi,

160 1323 354 1438 propterea
371 1337 466 1439 quod
490 1337 539 1409 ita
564 1350 663 1410 erant
686 1337 817 1436 posita,
842 1348 883 1406 ut
907 1359 1029 1406 eorum
1045 1357 1154 1433 vapo-

102 1542 106 1548 ,
160 1464 288 1539 rarium
314 1476 376 1548 [ex
400 1487 471 1564 quo
495 1463 583 1560 ignis
608 1463 777 1562 erumpit]
793 1476 821 1510 ¹²
842 1472 933 1532 esset
957 1457 1152 1530 subiectum

161 1587 274 1664 cubili.
299 1587 503 1687 Subgrande
528 1584 726 1664 cubiculum
751 1599 867 1663 autem
874 1640 884 1683 ,
909 1597 944 1655 et
968 1583 1151 1661 hibernum

160 1713 270 1785 altum
302 1712 404 1786 valde
439 1712 588 1812 probavi
598 1769 610 1812 7
643 1710 739 1813 quod
764 1725 799 1784 et
829 1709 944 1810 ampla
976 1721 1096 1807 erant,
1118 1718 1152 1780 et

158 1836 396 1937 locopositis,
432 1837 675 1910 ambulationis
707 1861 779 1910 uno
810 1835 935 1934 latere,
966 1859 1032 1933 eo,
1058 1831 1151 1936 quod

160 1975 213 2034 est
236 1964 434 2062 proximum
458 1962 650 2036 babreariis.
676 1962 866 2037 Columnas
892 1985 1005 2060 neque
1021 1971 1152 2054 rectas,

157 2113 272 2189 neque
297 2114 316 2160 e
340 2090 481 2188 regione
504 2088 666 2189 Diphilus
693 2087 889 2160 collocarat.
925 2088 996 2158 Eas
1021 2084 1151 2157 scilicet

160 2211 382 2292 demolietur:
415 2214 602 2322 aliquando
635 2212 884 2321 perpendiculo
917 2225 953 2284 et
981 2198 1076 2283 linea
1103 2207 1152 2280 di-

159 2351 233 2415 scet
257 2340 318 2417 uti,
340 2341 494 2417 Omnino
521 2365 622 2440 spero
648 2341 769 2439 paucis
794 2336 970 2411 mensibus
988 2362 1080 2437 opus
1096 2333 1151 2409 Di·

158 2461 246 2561 phili
282 2464 475 2562 psrfcctum
507 2465 589 2544 fore.
627 2467 734 2546 Curat
766 2465 858 2542 enim
892 2462 1150 2561 diligentissime

159 2587 318 2685 Caesius,
343 2591 501 2692 quitum
527 2617 664 2664 mecum
696 2591 769 2668 fuit,
803 2593 859 2670 Ex
884 2614 925 2672 eo
950 2588 1031 2666 loco
1059 2601 1150 2661 recta

158 2711 329 2785 Vitularia
355 2716 410 2786 via
436 2715 582 2814 profecti
610 2742 727 2788 sumus
758 2718 796 2787 in
823 2714 1049 2790 Fufidianum
1079 2715 1151 2786 fun·

111 2866 116 2877 Χ
159 2836 264 2936 dum,
303 2865 405 2940 quern
444 2841 508 2912 tibi
545 2844 711 2941 proximis
744 2843 873 2914 nuntiis
892 2843 921 2893 ¹³
953 2841 1080 2938 Arpini
1108 2839 1150 2911 de

82 3003 84 3007 .
157 2963 297 3036 Fufidio
322 2966 400 3050 Hsss
432 2992 566 3040 cccrooo
599 2993 799 3041 emeramus.
837 2969 914 3062 Ego
946 2965 1068 3038 locum
1096 2989 1150 3036 ae·

158 3101 247 3160 state
271 3089 524 3173 umbrosiorem
550 3091 623 3175 vidi
648 3117 859 3192 numquam3
892 3068 1076 3190 permultis
1102 3088 1151 3162 lo·

158 3213 206 3289 cis
245 3239 381 3316 aquam,
403 3215 650 3316 profluentem,
687 3232 724 3295 et
755 3243 832 3289 eam
864 3214 1016 3294 uberem.
1056 3214 1152 3309 Quid

157 3342 291 3439 quaeris
299 3341 317 3441 l
348 3344 469 3441 Iugera
502 3347 532 3421 L
568 3345 660 3451 prati
689 3345 830 3426 Caesius
855 3343 1077 3440 irrigaturum
1102 3341 1151 3414 fa-

156 3465 220 3535 cile
246 3478 281 3538 te
307 3466 547 3545 arbitrabatur.
585 3468 757 3570 Equidem
792 3469 878 3568 h‘oc,
907 3466 1003 3568 quod
1027 3465 1149 3539 melius

154 3589 327 3690 intelligo,
352 3593 486 3668 affirmo
494 3650 504 3692 7
529 3595 671 3668 mirifica
697 3596 867 3669 suavitate
893 3609 927 3665 te
952 3592 1073 3665 villam
1093 3593 1149 3663 ha-

155 3712 329 3816 biturum,
362 3719 493 3819 piscina
521 3733 556 3790 et
581 3718 781 3794 salientibus
801 3719 831 3790 14
857 3719 1002 3816 additis,
1033 3717 1148 3818 palae-

156 3849 225 3919 stra
239 3895 250 3944 ‚
274 3857 309 3922 et
333 3843 418 3923 silva
445 3844 633 3921 vindicata.
667 3845 831 3923 Fundam
865 3844 968 3920 audio
995 3857 1031 3920 te
1056 3842 1146 3919 bunc
