2632 4852
157 322 226 412 214
498 337 666 388 srrsrorn
692 339 806 387 cuxvr.
934 335 1126 397 A.v.c.700

83 444 88 468 '
155 470 230 516 esse
265 440 425 539 debebis,
458 454 498 511 ut
531 453 626 512 aetas
650 452 770 511 nostra
799 438 869 508 iam
892 437 1155 536 ingravescens,

154 573 192 642 in
217 595 337 645 amore
362 583 466 670 atque
497 570 534 640 in
566 567 801 640 adolescentia
831 581 891 640 tua
916 569 1153 669 conquiescat.

155 696 253 770 Vale.

568 847 745 919 CLXVII.
886 883 1074 948 (rrum
1089 892 1131 945 Η)

155 1025 372 1105 Argumentum.
399 1044 408 1083 r
433 1024 553 1084 locatur
571 1024 705 1106 primum
726 1021 764 1082 de
785 1022 986 1103 interregnis:
1007 1043 1024 1082 2
1048 1023 1153 1084 deinde

195 1131 317 1203 suadet,
338 1132 361 1190 si
382 1150 451 1190 ere
473 1132 602 1201 suasit,
633 1138 753 1188 maneat
784 1127 865 1209 apud
896 1128 1079 1190 Caesarem:
1111 1134 1152 1190 sin

195 1239 309 1308 minus,
329 1237 457 1296 Romam
479 1256 510 1294 se
531 1237 663 1316 recipiat.

449 1440 503 1492 scr.
520 1439 616 1491 Rornae
633 1439 665 1491 Δ.
683 1439 717 1491 V.
735 1438 764 1492 C.
784 1438 857 1492 DCC.

336 1630 379 1693 M.
404 1630 440 1692 T.
466 1628 610 1693 CICERO
636 1629 863 1692 TREBATlO¹
889 1631 921 1692 S.
945 1629 985 1692 D.

212 1847 224 1892 1
254 1819 331 1893 Nisi
356 1831 436 1890 ante
461 1818 572 1889 Roma
597 1813 775 1916 profectus
800 1841 892 1888 esses
905 1832 932 1915 ²,
957 1843 1065 1893 nunc.
1082 1846 1152 1891 eam

158 1959 251 2019 certe
276 1943 495 2045 relinqueres.
519 1943 611 2034 Quis
635 1944 747 2040 enim,
764 1954 819 2015 tot
843 1943 1054 2042 interregnis
1067 1946 1092 2043 ³,
1108 1946 1152 2015 iu·

157 2070 395 2147 reconsultum
421 2067 616 2142 desiderati
640 2070 717 2166 Ego
743 2067 924 2167 omnibus,
950 2069 1046 2142 unde
1072 2070 1152 2170 peti-

99 2264 105 2281 s
158 2213 216 2272 tur
231 2197 268 2297 4,
292 2197 362 2270 hoc
388 2195 524 2270 consilii
548 2194 722 2294 dederim,
739 2208 779 2267 ut
804 2221 824 2266 a
848 2194 993 2293 singulis
1018 2196 1153 2269 interre

156 2324 258 2423 gibus
282 2323 383 2396 binas
408 2321 685 2426 advocationes⁵
701 2319 890 2422 postulent.
909 2321 1049 2395 Satisne
1068 2321 1153 2394 nbi⁶

157 2451 280 2529 videor
301 2450 367 2522 abs
392 2463 428 2527 te
451 2450 505 2522 ius
531 2447 633 2529 civile
659 2445 847 2521 didicissel

210 2602 231 2646 2
258 2574 327 2646 Sed
352 2573 440 2647 treus
470 2588 532 2672 tu,
566 2573 652 2674 quid
685 2572 777 2671 agis?
809 2571 936 2674 enquid
967 2573 1030 2646 fitl
1056 2574 1153 2648 video

160 2699 271 2798 enim,
306 2712 342 2771 te
373 2701 475 2772 iam?
508 2700 616 2772 iocari
647 2725 711 2798 per
742 2699 868 2772 literas.
900 2699 999 2772 Haec
1028 2701 1154 2800 signa⁸

157 2824 304 2899 meliora
330 2840 427 2925 sunt,
454 2852 558 2928 quam
574 2828 612 2900 in
627 2851 708 2901 meo
723 2843 739 2892 ⁹
755 2826 967 2900 Tusculano.
982 2827 1059 2901 Sed
1076 2825 1156 2928 quid

157 2955 205 3030 sit
224 2969 265 3053 ¹⁰,
294 2955 382 3027 scire
414 2955 528 3063 cupio.
563 2951 708 3028 Consuli
738 2952 880 3059 quidem
904 2967 987 3033 tea
1012 2935 1154 3039 Caesare

158 3079 304 3180 scribis3
335 3079 398 3161 sed
430 3106 495 3179 ego
528 3080 593 3154 tibi
625 3080 670 3159 ab
705 3079 765 3154 illo
799 3079 933 3154 consuli
954 3097 982 3131 ¹¹
1010 3080 1154 3155 mallem.

149 3205 267 3298 -Quod
291 3207 321 3280 si
346 3220 407 3287 aut
431 3208 488 3307 fit,
510 3221 575 3287 aut
597 3207 753 3283 futurum
776 3221 898 3309 putas;
914 3207 1032 3308 perfer
1057 3209 1155 3293 istam

102 3402 105 3410 ,
153 3331 333 3432 militiam,
358 3347 394 3406 et
417 3359 592 3433 permane.
610 3337 688 3434 Ego
712 3334 807 3410 enim
832 3333 1049 3418 desiderium
1063 3351 1093 3395 ¹³
1106 3332 1156 3406 tui

155 3482 221 3558 spe
246 3473 387 3535 tuorum
412 3462 680 3536 commodorum
706 3459 924 3536 consolabor.
954 3461 1019 3535 Sin
1045 3472 1156 3536 autem

154 3584 224 3657 ‘ista
243 3587 273 3636 ¹³
298 3600 381 3659 sunt
404 3589 579 3687 inaniora3
604 3591 720 3690 recipe
745 3603 780 3663 te
804 3587 851 3662 ad
876 3614 956 3662 nos.
984 3590 1078 3663 Nam
1101 3599 1154 3660 aut

158 3712 224 3782 erit
248 3711 306 3785 hic
332 3712 463 3815 aliquid
488 3713 694 3817 aliquand05
720 3731 780 3789 aut
802 3718 832 3789 si
848 3717 988 3815 minus,
1003 3742 1076 3791 una
1094 3738 1153 3786 me·

156 3833 295 3910 hercule
321 3839 507 3916 collocutio
533 3859 651 3919 nostra
677 3844 786 3946 pluris
808 3845 890 3944 erit,
907 3871 1016 3947 quam
1035 3865 1148 3918 omnes
