2632 4852
525 348 561 396 ιη
589 343 780 397 nrrsronts
958 394 960 398 ,
1081 324 1152 401 333

193 453 360 511 vertentem
380 448 576 521 ducerentur,
597 447 751 510 absolutus
772 450 821 509 sit.
841 447 909 507 Huc
930 447 1050 531 ablegat
1063 451 1153 512 Lem-

192 557 281 618 binus
295 566 388 638 oaput
400 566 514 616 sextum
528 576 575 639 ep.
590 554 735 627 CXLIX,
749 553 807 615 hoc
821 553 927 614 modo:
942 553 1053 616 Catone
1064 576 1154 638 pnoe-

189 666 286 725 sem‘m
304 663 447 724 absoluto.
474 661 563 722 Nunc
582 661 619 722 de
649 661 776 723 Gabinio
801 662 954 735 absoluto,
978 682 1079 723 verum
1100 662 1153 745 se-

191 770 314 831 rendum
333 782 384 829 est.
408 769 532 852 Qrmcris
552 790 620 850 ergo
640 791 686 830 me
708 782 739 830 ut
757 770 890 849 gesserim
910 803 951 818 -
970 769 1001 831 in
1024 768 1155 833 Cilicmm

192 879 307 958 cogitat.
329 877 359 937 A
383 876 493 959 Quinto
504 875 611 962 frore.

155 1007 191 1065 ¹7
212 983 269 1044 Ed.
290 983 347 1045 Ro.
368 988 398 1045 A
422 982 502 1066 Μ

157 1091 195 1151 18
215 1090 356 1151 Proximo
385 1089 433 1150 vel
464 1088 625 1150 delendum
656 1099 716 1162 est,
742 1089 791 1151 vel
811 1089 971 1172 legendum
988 1092 1156 1174 proximis,

193 1197 327 1268 sollium,
347 1194 494 1260 litoribus.
515 1197 668 1257 Manutius
688 1196 855 1279 accipiebat
875 1199 932 1270 sic,
952 1209 987 1259 ut
1006 1201 1064 1281 pro‘
1082 1219 1155 1280 pro·

192 1305 273 1366 xime
292 1303 423 1376 dictum,
444 1302 482 1363 nd
504 1303 603 1364 litores
623 1305 759 1387 proxime
778 1315 916 1388 acceptes
933 1304 1104 1367 referretur.
1120 1305 1156 1368 lu

194 1410 389 1472 Gronovinna
409 1412 601 1492 coniungitur
621 1432 690 1473 cum
712 1432 793 1494 seqq.
825 1413 886 1473 sio:
909 1413 1048 1492 proxioro
1074 1433 1104 1475 a.
1124 1412 1154 1476 d.

195 1517 231 1579 V
228 1517 275 1578 II.
296 1516 415 1579 Sehr’ltn.

156 1625 323 1707 19Faemt
350 1623 426 1686 liber
456 1646 497 1687 ex
528 1626 564 1686 B.
576 1669 586 1700 ,
617 1626 803 1686 Antonieuus
834 1646 905 1686 cum
932 1624 1040 1688 Lamb.
1060 1648 1078 1687 e
1098 1628 1135 1687 B.
1145 1673 1157 1702 ,

193 1730 280 1792 bene.
301 1732 520 1815 Repertobant,
550 1731 581 1795 h.
608 1753 633 1793 e.
655 1733 693 1811 Q.
716 1731 810 1794 freter
829 1743 860 1793 et
880 1732 991 1794 Caesar
1018 1745 1155 1817 reporte-

192 1836 276 1898 bunt

152 1965 194 2006 20
215 1944 382 2022 Quaestor,
409 1956 463 2007 eut
493 1946 606 2019 frater,
636 1956 689 2007 aut
718 1947 909 2029 propinquus
940 1945 1036 2011 Piliae
1064 1947 1154 2008 Attici

196 2054 310 2127 uxoris;
331 2073 377 2136 ep.
399 2052 573 2126 CCXXIII,
593 2073 620 2114 a.

152 2180 190 2219 21
214 2159 262 2220 Ex
282 2158 392 2220 Fae'rni
418 2158 517 2236 libr03
548 2179 619 2221 nem
650 2163 740 2221 ceteri
771 2160 877 2220 vitiose
898 2176 984 2220 amor
1001 2189 1041 2211 κ-
1061 2171 1160 2220 noster

195 2265 308 2347 legunt.

153 2391 194 2432 ua
215 2371 248 2431 Si
269 2392 374 2432 verum
406 2373 522 2446 dlxisti,
555 2375 577 2434 si
610 2384 742 2456 praestes
770 2371 854 2456 quod
880 2373 1052 2455 promisIsti.
1074 2371 1156 2437 Infra

195 2477 362 2541 Lambinus
383 2481 445 2543 slue
465 2482 639 2550 necessitate
655 2501 749 2570 prope
769 2482 869 2542 obesse
889 2481 949 2541 iem
968 2477 998 2540 d.

598 2725 719 2789 CLVII.

159 2931 169 2970 1
196 2909 302 2972 Verba
316 2910 395 2972 Puto
409 2923 436 2972 te
449 2912 617 2974 excussare
630 2932 726 2994 usque
740 2911 778 2971 ad
791 2911 1004 2973 committamus
1017 2906 1159 2969 videntur

195 3015 272 3077 elius
293 3017 447 3080 cuiusdam
468 3021 621 3102 epistolae.
647 3020 724 3079 Nam
745 3039 841 3101 quum
862 3018 978 3078 Atticus
1000 3016 1061 3074 iam
1080 3022 1158 3073 esset

197 3126 229 3183 In
243 3124 330 3186 ltalIa
350 3126 417 3208 (ep.
439 3147 504 3210 sup.
524 3148 548 3200 1,
562 3138 592 3188 et
612 3125 670 3187 hac
689 3127 755 3208 ipse
775 3127 885 3203 ertu),
907 3133 937 3183 et
958 3121 1065 3181 Cicero
1085 3138 1158 3179 eum

196 3230 331 3312 quotidie
351 3231 467 3294 Romae
493 3244 696 3318 exspectaret,
722 3235 859 3315 ineptum
887 3229 993 3290 suisset
1017 3227 1045 3286 ei
1065 3244 1160 3308 expo-

195 3357 289 3409 nere,
310 3358 365 3398 cur
383 3360 482 3421 neque
501 3342 532 3401 in
552 3341 701 3424 Epirum,
719 3360 818 3421 neque
839 3336 989 3407 Athenas,
1008 3353 1107 3414 neque
1127 3333 1160 3392 in

196 3444 300 3504 llsiam
319 3445 420 3507 literas
441 3446 534 3509 deret.
556 3447 675 3510 Soletitz.
695 3446 763 3529 Ego
778 3466 852 3508 vero
868 3445 1044 3505 Ciceronem
1058 3441 1159 3523 inepte

196 3549 300 3611 fecisse
320 3552 352 3611 in
372 3551 432 3614 hoc
451 3575 514 3615 non
533 3554 632 3616 video.

157 3677 175 3715 2
196 3656 372 3720 Pronomen
391 3680 444 3721 eae
464 3660 579 3723 eddidit
598 3663 705 3724 Bosius
726 3683 761 3722 ex
781 3662 908 3721 Decurt.

157 3764 175 3823 3
196 3763 290 3826 Aldus
310 3777 341 3828 et
354 3767 531 3851 Hervagius
550 3771 777 3843 comportamus,
796 3789 831 3828 ne
849 3765 922 3826 dum
939 3761 1064 3823 cuilibet.
1081 3757 1159 3820 Con·

194 3872 294 3946 iulet»
324 3875 408 3962 quod
434 3898 469 3941 ex
495 3879 665 3940 coniectura
686 3900 748 3941 esse
769 3875 897 3940 videtur.
919 3870 996 3933 Sunt
1017 3869 1070 3952 qui
1091 3885 1158 3928 cor-
