2632 4852
430 340 466 385 m
493 336 683 387 ammonas
986 313 1057 388 315

96 461 133 500 ue
153 459 220 498 eum
239 458 271 496 se
290 439 441 520 superstite
460 449 515 498 out
536 439 656 518 legeret,
674 447 728 496 out
744 434 916 497 euenum
932 435 979 498 bis
994 456 1059 501 ner·

96 547 142 622 bis
163 545 240 606 Ilen.
261 544 398 607 Valesius
415 555 445 604 et
464 543 611 605 Graevius
633 553 740 626 putant
753 542 835 603 bunc
848 543 912 605 es'se
925 542 1058 618 librum,
1176 610 1177 615 ,

77 664 186 735 'quiem
208 651 269 712 cie.
288 649 326 712 de
347 650 523 732 temporibus
541 651 599 710 suis
619 649 699 711 dicit
727 649 817 710 Illum
837 651 937 733 ipsum
958 650 1056 711 credi-

94 759 202 819 derim
221 755 331 829 fuisse,
356 758 409 838 qui
430 761 559 820 trinium
581 758 613 816 in
631 776 700 839 epp.
721 756 859 830 XXXII,
873 778 886 816 s
896 800 909 830 ,
927 768 958 818 et
976 756 1058 818 D'CC

95 864 214 925 dicitur.
236 863 308 922 Mox
329 862 626 944 Amb..quintusdec.
647 864 675 923 si
691 859 830 922 deustos.

57 969 115 1030 126
135 971 238 1052 Vulgo
257 967 313 1030 red
329 971 400 1052 quia
420 969 555 1042 vereborr
585 967 637 1030 sed
657 971 728 1051 quia
748 989 817 1030 cum
839 969 861 1029 I.
882 968 920 1028 F.
941 970 1059 1030 Grono·

96 1079 169 1149 vio,
190 1076 371 1158 Mara-Lag.
393 1087 423 1141 et
458 1074 569 1139 Schuu
589 1064 709 1148 delevi,
736 1075 819 1159 quod
846 1075 930 1138 abest
956 1098 975 1137 a
993 1077 1058 1140 aod.

95 1184 166 1244 Rec'.
187 1183 293 1244 Lamb.
314 1183 367 1243 sed
393 1184 464 1264 quia
490 1184 773 1244 vembor-omues
799 1185 969 1257 rontium,
1000 1205 1059 1245 noo

94 1291 179 1362 miri,·
204 1289 280 1351 And.
298 1289 338 1350 ‘de
358 1274 526 1353 Frab'ciseis
546 1288 600 1350 sed
624 1310 674 1351 eos
694 1288 824 1352 edendos
844 1311 906 1351 esse
926 1312 985 1352 noa
1000 1313 1058 1374 pu·

95 1400 171 1469 tavi,
191 1401 262 1480 quia
282 1398 417 1457 ventor:
442 1418 445 1425 ’

58 1524 113 1585 127
134 1503 195 1565 Zel.
217 1507 242 1563 Α
263 1505 399 1564 habuero.

59 1609 116 1671 128
138 1611 204 1679 Hoc
224 1605 395 1670 membrum
416 1609 515 1692 Atque
545 1608 633 1669 istam
653 1640 693 1657 ·-·
712 1608 756 1670 ud
781 1621 808 1670 te
833 1608 933 1692 desero
953 1610 1057 1673 Mart.-

94 1718 168 1798 Lag.
191 1718 292 1776 reiecit
311 1716 590 1798 postocoujeremtu.
664 1760 667 1767 -

58 1838 115 1906 ¹²9
135 1824 234 1882 Nostri
253 1822 370 1903 aliquot
397 1829 430 1882 et'
451 1823 521 1883 Rec.
544 1843 597 1894 eo,
617 1834 756 1897 utente,
775 1823 951 1889 milrieurue
971 1836 1060 1895 sunt,

78 1923 130 1989 set.
152 1929 235 1988 Infra
256 1929 355 1988 statim'
376 1928 454 1990 vict.
476 1927 552 1987 Lall.
574 1929 624 1988 rix
642 1930 760 2009 possim.

57 2036 114 2096 130
133 2034 253 2096 Lentuli
273 2037 468 2118 provinciam.
490 2039 529 2095 At
549 2034 704 2116 quomodo
724 2038 768 2096 ire
783 2038 814 2095 in
830 2035 966 2095 Ciliciam
980 2034 1058 2095 Len·

95 2141 176 2202 tulus
196 2162 258 2203 non
271 2145 387 2224 potuit,
401 2145 424 2202 si
439 2142 576 2203 Ciliciam
592 2145 688 2223 ipsam
704 2139 949 2204 administrabat?
964 2141 1058 2202 Forte

94 2260 159 2310 erat
179 2259 251 2309 tunc
271 2251 415 2331 temporis
434 2248 580 2309 Lentulus
601 2251 632 2308 in
653 2249 756 2330 aliqua
776 2271 811 2310 ex
830 2249 927 2310 tribus
941 2248 1058 2309 dioece-

94 2355 177 2417 sibus
191 2357 345 2429 Asiaticis,
364 2376 442 2437 quae
463 2354 584 2417 Ciliciae
596 2353 760 2436 attributae
773 2367 860 2418 erant
874 2365 938 2440 (ep.
952 2356 1061 2436 Dtx),

93 2463 141 2523 vel
162 2465 193 2522 in
214 2462 318 2545 Cypro
338 2462 452 2538 insula3
472 2484 520 2545 ep·
542 2463 651 2523 CXIII.

56 2570 110 2630 131
134 2569 263 2631 Videtur
290 2570 421 2647 Quintus
452 2566 581 2629 fundum
614 2569 746 2651 aliquem
777 2571 809 2630 in
834 2570 905 2631 Asia
932 2571 1058 2642 emisse,

93 2656 189 2756 buum
210 2695 276 2736 eam
297 2677 482 2758 provinciam
504 2675 741 2753 administrarem
761 2697 808 2759 ep.
830 2677 945 2737 XXIX.

56 2782 368 2844 132Provtnciam1n
390 2785 537 2864 superiori
566 2783 705 2844 membro
733 2786 836 2845 omisit
860 2783 1057 2868 Mart-Lag„

92 2890 125 2947 in
146 2909 208 2970 qno
229 2909 346 2950 morem
367 2889 507 2951 Ernestio
528 2892 625 2972 gessit.
639 2891 720 2951 Tum
742 2891 899 2973 legebatur
916 2891 1010 2972 vulgo
1027 2911 1059 2950 se

89 3009 267 3076 paraturum
286 3017 353 3056 cum
375 2996 505 3076 college,⁸
535 2995 644 3057 delevit
675 3008 815 3069 extrema,
827 2996 984 3057 Emestius
1004 3017 1057 3057 au·

93 3105 232 3163 ctoritate
253 3102 322 3164 libri
343 3105 397 3164 sui.
429 3103 543 3163 Parare
563 3105 638 3163 iuter
655 3125 710 3178 se,
739 3124 801 3165 non
821 3124 919 3164 seeum
939 3113 1057 3170 veteres

92 3207 249 3287 dicebant3
279 3211 316 3271 cl.
336 3209 516 3271 Victorium.
549 3210 622 3271 Cod.
652 3210 760 3272 Scaels.
785 3233 816 3271 se
835 3224 969 3271 acturum
989 3231 1057 3270 cum

91 3315 223 3396 collega3
236 3316 323 3377 Amb.
342 3317 531 3399 quartusdec.
551 3338 582 3377 se
592 3332 750 3400 pasturum
763 3341 788 3379 c.
803 3339 845 3392 c.,·
858 3316 926 3379 edd.
940 3308 1058 3397 aliquot

91 3442 124 3480 se
141 3425 328 3504 partiturum.
349 3425 420 3485 Mox
441 3424 550 3485 lmbb.
566 3425 712 3507 legemque
725 3427 877 3487 curiatum.
893 3425 974 3484 Tum
978 3424 1060 3506 ferri

91 3528 187 3592 habet
206 3551 260 3592 ms.
281 3531 351 3592 Rea.
377 3532 423 3594 ed.
444 3533 500 3593 Ro.
524 3543 554 3593 et
568 3533 730 3595 Victorius.
744 3533 849 3613 Vulgo
860 3531 959 3614 fene,
974 3528 1058 3611 quod

93 3634 224 3710 Senum,
252 3650 373 3701 auctore
403 3640 544 3702 Emestio
555 3685 567 3715 ,
597 3641 715 3702 delevit.
749 3636 916 3702 Lambinus
945 3635 1060 3697 consuli

83 3740 166 3824 serri
184 3765 258 3828 opus
278 3766 359 3818 esse,
378 3747 434 3807 sibi
451 3769 565 3808 necesse
586 3770 645 3809 non
665 3769 734 3810 esse.

54 3849 113 3909 133
133 3851 203 3912 Res.
224 3866 290 3914 suut
310 3856 363 3936 qui
376 3859 506 3937 putante¹
524 3855 584 3918 Zel.
607 3857 631 3918 Α
651 3869 722 3918 suut
741 3856 830 3919 etiam
849 3855 902 3937 qui
917 3863 1031 3936 putant.
