2632 4852
242 325 316 400 306
611 344 879 393 tunortriones

246 449 281 511 16
300 447 393 528 Quod
413 448 551 509 consules
572 446 658 507 valde
679 444 865 506 illiberaliter
891 442 977 505 villas
1004 444 1070 502 eius
1092 447 1246 503 aestimas-

280 567 345 617 seut
366 556 435 637 (ep.
448 552 662 626 LXXXVIII,
684 573 703 612 2
722 562 818 625 exto,
845 560 876 611 et
895 549 951 628 4),
975 546 1102 609 Clodius
1123 551 1246 610 armatis

282 660 454 722 hominibus
475 657 712 721 aedificationem
734 658 887 719 Ciceronis
917 657 949 716 in
981 654 1102 717 Palatio
1134 653 1246 715 distur-

281 767 381 827 basset
409 769 480 848 (ep.
500 765 678 837 LXXXIX,
699 766 812 845 init),
837 771 868 824 et
890 760 1030 822 Metellus
1051 781 1113 822 cos.
1140 781 1198 843 per
1216 759 1247 819 id

279 884 400 954 tempus
421 871 608 933 turbulentos
629 871 668 931 ad
687 870 838 953 populum
859 869 1018 930 conciones
1038 867 1078 929 de
1098 887 1136 928 eo
1154 864 1246 929 habe-

280 991 342 1053 ret3
364 977 455 1050 ibid,
476 983 492 1052 5
517 999 527 1036 ι
553 987 622 1060 post
642 977 719 1039 med.

244 1108 278 1166 ¹7
301 1085 337 1144 H.
359 1106 383 1146 e.
405 1084 443 1144 de
462 1085 664 1143 monumentis
685 1086 712 1143 ei
734 1081 942 1153 restituendis,
961 1080 1010 1141 vel
1031 1077 1206 1141 sarcIendis.

245 1190 280 1253 18
301 1190 436 1271 Intellige
456 1189 603 1260 domum,
624 1188 710 1250 villas
732 1191 799 1270 (ep.
819 1186 1036 1259 LXXXVIII,
1058 1189 1116 1265 o),
1144 1195 1174 1246 et
1194 1184 1246 1244 illa

279 1296 419 1367 sortasse,
432 1295 469 1355 de
484 1294 595 1376 quibus
616 1296 648 1353 iu
665 1316 711 1376 ep.
724 1295 848 1366 XXIX,
865 1315 909 1357 12.
922 1291 1035 1356 Ambb.
1059 1301 1157 1379 quett.
1174 1291 1246 1353 Rec.

280 1411 310 1460 et
330 1400 398 1461 edd.
418 1400 497 1462 Med.
518 1401 597 1463 vict.
618 1401 807 1462 monimentis.

246 1530 282 1590 ¹9
302 1508 345 1566 Cf.
367 1506 406 1566 ad
426 1529 473 1588 ep.
495 1508 673 1579 LXXXIX,
698 1529 722 1567 t.

244 1636 283 1674 20
301 1614 378 1674 Edd.
399 1614 479 1674 Med.
499 1625 530 1674 et
549 1615 656 1674 Minut
678 1612 876 1674 resarciendis.

241 1742 274 1780 21
299 1721 475 1781 Benedictus
496 1742 588 1802 neque
607 1741 707 1794 cram,
732 1720 834 1781 delens
861 1719 938 1779 enim
964 1719 1148 1778 auctoritate
1176 1736 1244 1776 mss.

242 1847 279 1886 aa
301 1827 432 1904 Quando
457 1839 557 1888 tecum
583 1826 730 1889 dederunt
751 1847 892 1909 operam,
912 1837 948 1886 ut
971 1823 1011 1886 ab
1033 1825 1139 1888 exsilio
1159 1845 1246 1886 revo-

179 2011 181 2015 .
226 1990 233 2003 ,
281 1954 376 1994 carer.
400 1933 521 1995 Corrnd.

244 2039 281 2098 23
302 2039 367 2100 Etsi
397 2040 554 2121 aliquoties
587 2051 692 2101 contra
712 2040 909 2122 Pompeium3
930 2049 1054 2120 sperans
1075 2035 1244 2118 gratificari

278 2167 373 2226 quum
393 2146 435 2206 M.
456 2146 578 2219 Catoni,
598 2158 664 2207 turn
684 2146 822 2227 reliquis,
836 2148 888 2228 qui
907 2144 945 2205 de
965 2166 999 2205 re
1019 2143 1106 2227 publ.
1129 2147 1243 2227 optimc

279 2256 387 2313 sentire
407 2254 502 2314 videri
524 2253 673 2315 volebant.

240 2361 279 2435 24
299 2360 399 2440 Aliqui
420 2363 451 2420 in
471 2360 583 2421 iudicio
604 2360 712 2433 Sextii,
730 2360 780 2421 alii
802 2363 834 2420 in
855 2368 976 2430 senatu,
995 2358 1175 2440 explanant3
1188 2377 1242 2438 ego

278 2486 344 2526 rem
365 2488 426 2527 non
447 2469 518 2528 satis
538 2467 682 2549 intelligo.

240 2570 278 2630 25
298 2573 381 2634 Haec
407 2585 451 2634 est
481 2575 570 2634 lectio
591 2576 729 2636 Victorii.
759 2574 860 2633 Nostri
887 2592 991 2633 omnes
1019 2593 1090 2634 cum
1119 2571 1192 2631 Rec.
1214 2580 1242 2630 et

277 2678 345 2739 edd.-
365 2655 435 2741 len.
456 2703 561 2762 quarm,
583 2694 614 2741 nt
635 2680 772 2741 laudaret
792 2681 964 2763 Pompeium
983 2680 1106 2739 Sextius
1126 2679 1240 2738 irruuis-

278 2797 329 2844 set.
351 2788 463 2869 Inepte.
485 2789 628 2848 Introisse
649 2790 679 2846 in
701 2786 809 2847 urbem
822 2786 948 2867 intelligi
962 2784 1053 2846 debet
1066 2785 1239 2868 Pompeius,

278 2894 332 2972 qui
354 2914 449 2973 quum
470 2906 546 2955 esset
577 2908 646 2954 oum
678 2895 807 2976 Imperio
838 2903 964 2975 propter
994 2893 1240 2974 procurationem

276 3002 318 3059 rei
339 3000 574 3074 frumentarIae,
605 3013 688 3062 extra
719 3000 827 3060 urbem
848 3021 911 3061 esse
932 2997 1118 3071 iubebatur,
1142 3017 1238 3078 neque

274 3106 391 3186 ingredi
411 3120 549 3190 poterat,
569 3111 625 3168 nisi
654 3111 743 3169 venia
770 3130 788 3167 a
814 3119 920 3168 senatu
940 3110 1111 3187 impetrata.
1133 3101 1235 3167 Lamb.

274 3232 366 3292 qurtm
386 3235 413 3274 u.
435 3216 452 3275 l.
475 3216 510 3274 P.
531 3214 666 3276 Sextium
687 3216 844 3298 Pompeius
865 3216 1019 3273 introisset.
1136 3266 1141 3273 ,

238 3314 276 3375 26
296 3318 357 3378 Zel.
379 3322 404 3378 A
416 3321 579 3401 facilitate,
599 3344 633 3382 ex
655 3322 817 3383 verborum
840 3319 1044 3381 similitudIne.

243 3442 279 3503 27
301 3423 429 3497 sehon,
462 3427 635 3489 auctoribus
667 3429 828 3489 Benedicta
860 3439 890 3488 et
920 3426 1175 3505 Mart-Laguna,
1203 3440 1233 3482 ex

273 3528 393 3590 duobus
414 3533 499 3593 codd.
520 3535 628 3596 Dresd.
649 3535 702 3596 Mc
723 3536 766 3594 M.
788 3536 904 3605 Bibuli‚·
924 3536 958 3593 iis
979 3532 1057 3592 adde
1080 3529 1169 3590 Amb.
1194 3548 1231 3586 rr.

169 3664 171 3669 ·
234 3632 272 3695 28
290 3637 487 3720 Pompeium,
508 3643 663 3714 Crassum,
681 3643 851 3714 Vatinium,
872 3642 1034 3723 praecipue
1055 3639 1231 3702 Caesarem

273 3742 341 3802 vide
364 3766 409 3826 ep.
432 3748 583 3825 XXXIX,
602 3760 632 3808 ct
653 3772 734 3833 seqq.
757 3750 836 3809 illius
858 3750 940 3808 auui.

233 3865 271 3927 29
291 3848 388 3921 Idest,
410 3856 506 3913 oratio
528 3859 558 3914 iu
578 3857 757 3929 Vatinium,
786 3879 862 3941 quae
886 3854 958 3914 ideo
979 3850 1164 3930 interrogatis)
1184 3845 1226 3905 di·
