2632 4852
274 333 341 408 116
594 349 763 400 rrrsroua
789 349 932 397 cxuvur.
1041 343 1124 395 nv.
1142 346 1171 393 c.
1191 334 1241 396 699

267 456 365 561 quod
388 453 474 528 mihi
497 451 617 527 liceret
641 454 677 525 in
702 450 826 526 eadem
850 473 954 523 causa
979 459 1016 520 et
1038 446 1128 521 milri
1153 447 1265 547 utilia,

267 597 304 656 et
328 582 437 656 cuivis
461 579 558 654 bono
583 592 679 654 reeta
697 575 892 652 defendere.
908 575 989 648 Huc
1008 573 1156 648 accessit
1173 598 1266 646 com·

267 706 493 781 memoranda
526 704 720 807 quaedam,
751 693 787 777 et
816 701 936 778 divina
960 700 1120 775 Caesaris
1145 698 1185 770 in
1209 724 1265 770 me

267 833 477 934 fratremque
500 856 619 904 meum
642 829 843 905 liberalitas:
870 829 931 929 qui
953 825 1059 924 mihi,
1084 849 1267 925 quascum-

268 983 415 1061 queres
440 969 590 1055 gereret,
615 955 764 1028 tuendus
790 945 897 1053 'esset3
913 976 1007 1026 nuno
1032 950 1071 1023 in
1095 961 1197 1022 tauta
1221 947 1265 1020 fe·

266 1084 418 1183 licitate,
443 1085 616 1184 tantisque
642 1081 817 1180 victoriis,
850 1078 986 1151 etiamsi
1022 1078 1061 1149 in
1092 1100 1161 1149 nos
1193 1099 1265 1148 non

267 1211 298 1282 is
323 1223 435 1307 esset,
465 1209 525 1310 qui
559 1221 611 1282 est
627 1206 678 1307 94,
715 1220 833 1280 tamen
866 1203 1046 1278 ornandus
1078 1175 1264 1276 videretur.

268 1334 326 1407 Sic
350 1334 444 1406 enim
469 1347 503 1405 te
528 1333 722 1407 existimare
760 1330 886 1405 velim:
924 1355 1032 1431 quum
1057 1353 1078 1400 a
1103 1325 1208 1400 vobis
1225 1326 1264 1421 9⁵,

267 1483 366 1532 meaa
397 1457 516 1564 salutis
553 1457 775 1556 auctoribus,
814 1454 1051 1552 discesserim,
1087 1453 1263 1524 neminem

173 1630 176 1637 ·
267 1610 365 1684 esse,
389 1585 486 1656 euius
511 1584 632 1658 officiis
663 1609 720 1657 me
752 1596 826 1656 tam
858 1607 934 1655 esse
961 1579 1167 1657 devinctum
1192 1602 1262 1651 non

267 1708 383 1784 solum
407 1710 594 1808 confitear,
618 1708 681 1784 sed
705 1711 812 1783 etiam
837 1705 1016 1807 gaudeam

317 1831 339 1906 5
366 1812 473 1927 Quod
498 1836 663 1936 quoniam
688 1834 752 1907 tibi
777 1833 937 1934 exposui,
961 1829 1075 1905 facilia
1101 1843 1186 1904 sunt
1210 1855 1263 1927 ea,

268 1984 357 2060 quae
381 1985 402 2033 a
426 1985 483 2032 me
515 1959 559 2033 de
584 1960 728 2034 Vatinio
759 1973 796 2032 et
828 1958 871 2034 de
903 1958 1029 2033 Crasso
1047 1959 1080 2025 9⁶
1105 1956 1259 2057 requiris.

265 2084 358 2160 Nam
383 2083 428 2157 de
450 2086 569 2184 Appio
594 2083 691 2186 quod
714 2083 854 2183 scribis,
886 2083 988 2156 sicuti
1021 2081 1065 2154 de
1091 2082 1262 2178 Caesare,

267 2224 303 2284 te
326 2236 401 2284 non
424 2209 697 2312 reprehendere:
723 2209 857 2309 gaudeo
883 2207 1067 2283 consilium
1091 2206 1157 2280 tihi
1183 2231 1260 2308 pro·

266 2333 342 2408 bari
367 2360 492 2408 meum.
528 2336 582 2411 De
607 2334 752 2409 Vatinio
777 2348 917 2435 autem,
949 2335 1103 2435 primum
1128 2331 1259 2407 reditus

266 2459 507 2534 intercesserat
538 2461 575 2533 in
608 2462 754 2559 gratiam
785 2487 850 2561 per
874 2461 1108 2561 Pompeium,
1143 2458 1260 2532 statim

266 2596 308 2660 ut
330 2583 387 2656 ille
424 2599 565 2683 praetor
601 2599 654 2659 est
689 2586 800 2662 factus
817 2605 848 2655 sr
882 2612 991 2688 quum
1023 2584 1169 2687 quidem
1199 2607 1257 2682 ego

267 2708 342 2781 eius
372 2711 579 2808 petitionem
616 2713 826 2810 gravissimis
857 2714 896 2786 in
927 2725 1052 2786 senatu
1080 2710 1259 2785 sententiis

267 2858 547 2936 oppugnassem,
581 2863 695 2938 neque
728 2851 802 2910 tam
830 2837 921 2912 illius
945 2835 1110 2910 laedendi
1134 2861 1238 2909 causa
1250 2887 1259 2931 ,

266 2984 372 3059 quam
397 2958 606 3036 defendendi
631 2977 735 3063 atque
760 2961 909 3036 ornandi
929 2962 1083 3036 Catonis.
1100 2962 1191 3035 Post
1207 2984 1258 3032 au·

267 3096 339 3157 tem
364 3086 543 3184 Caesaris,
572 3102 614 3160 ut
638 3087 736 3162 illum
761 3087 981 3164 defenderem
999 3087 1042 3184 9⁸,
1065 3087 1156 3160 mira
1181 3108 1260 3160 eon-

266 3211 378 3284 tentio
403 3226 457 3287 est
482 3228 677 3286 consecuta.
715 3214 788 3288 Cur
820 3227 936 3287 autem
962 3211 1157 3310 laudarim,
1181 3223 1260 3311 peto

266 3360 287 3407 a
312 3349 364 3434 te,
388 3349 429 3410 ut
453 3336 490 3412 id
516 3364 536 3411 a
561 3364 617 3412 me
641 3364 731 3412 neve
756 3340 794 3411 in
818 3338 888 3412 hoe
913 3323 992 3437 reo,
1013 3362 1103 3410 neve
1127 3336 1169 3408 in
1193 3333 1261 3408 aliis

264 3461 419 3560 requiras
426 3489 437 3561 3
452 3487 498 3534 ne
514 3461 579 3537 tibi
603 3488 667 3563 ego
691 3463 787 3538 idem
810 3462 1133 3565 reponam,'quum
1158 3483 1260 3535 vene·

264 3583 327 3657 ris:
353 3587 491 3660 tametsi
515 3612 661 3688 possum
685 3589 743 3664 vel
767 3589 911 3664 absenti.
937 3587 1135 3662 Recordare
1154 3586 1261 3680 enim,

265 3709 391 3807 quibus
426 3711 664 3788 laudationem
699 3742 742 3788 ex
774 3716 904 3789 ultimis
936 3716 1037 3789 terris
1054 3731 1088 3782 99
1119 3711 1258 3786 miseris.

264 3833 337 3910 Nec
361 3836 431 3912 hoc
455 3841 672 3940 pertimueris
689 3859 743 3915 ¹⁰⁰.
769 3843 861 3919 Nam
887 3868 906 3917 a
931 3868 987 3918 me
1012 3842 1092 3942 ipso
1118 3836 1260 3914 laudan·
