2632 4852
165 317 236 390 252
295 327 300 337 “
491 338 660 388 semrom
688 337 820 387 emur.
936 337 967 386 Α.
984 340 1019 389 v.
1036 341 1065 388 c.
1085 355 1130 402 7⁰¹

164 440 260 544 quod
284 439 571 540 reprehendatur,
594 455 634 514 ut
658 441 754 542 quud
768 419 848 512 'uua
873 433 1154 542 sententiatu-

163 593 231 668 que
256 565 361 640 dubia
373 621 385 666 ,
414 569 593 668 potentiae
617 567 759 640 alicuius
785 565 1060 640 condonatum
1083 570 1153 641 exi-

161 693 336 766 stimetur:
360 693 522 766 omuibus
546 693 601 769 his
626 693 670 764 de
695 693 807 774 causis
830 690 938 766 debes
960 692 1067 766 istam
1082 719 1154 767 mo·

161 816 297 891 lestiam
321 844 426 921 quam
449 817 623 892 lenissime
648 817 735 892 ferre
748 834 787 890 ¹⁰.
804 817 903 890 Meus
927 819 1066 894 animus
1088 821 1153 898 ,erit

142 945 199 1016 ·iu
224 957 259 1018 te
283 943 479 1047 liberosque
503 958 583 1020 tuos
607 970 764 1046 semper,
794 969 897 1046 quem
921 957 962 1016 tu
986 970 1063 1018 esse
1087 945 1153 1041 vis,

161 1071 281 1170 etqui
306 1096 380 1144 esse
406 1052 519 1145 debet.

567 1321 754 1400 CLXXX·
869 1360 923 1422 (aa
938 1361 993 1409 mv.
1008 1362 1073 1422 xru,
1087 1361 1129 1423 πε)

161 1502 378 1583 Argumentum.
399 1503 548 1563 Avianum
568 1503 712 1563 Flaccum
732 1498 923 1561 commendat
935 1499 1022 1560 Titio
1042 1498 1149 1579 legato,

202 1610 233 1666 in
254 1629 343 1668 cause
363 1605 567 1669 frumentaria.

322 1808 325 1811 ’
449 1813 502 1866 Ser.
521 1813 614 1866 Itomae
632 1815 663 1866 A.
680 1813 714 1867 V.
731 1814 761 1868 C.
779 1810 868 1867 uccl.
935 1779 937 1783 v

185 2015 229 2077 M.
254 2013 290 2075 T.
315 2012 459 2076 CICERO
485 2013 521 2076 T.
545 2013 675 2100 TITIO,
699 2013 735 2076 Τ.
757 2013 805 2100 Ε,
829 2009 1012 2099 LEGATO,
1034 2015 1066 2077 S.
1089 2015 1125 2077 D.

208 2200 287 2275 Etsi
311 2224 384 2274 nou
410 2198 557 2300 dubito,
582 2200 666 2301 quin
689 2198 786 2300 apud
808 2213 844 2274 te
868 2223 947 2274 mea
972 2223 1149 2276 commen·
1178 2187 1180 2190 Α

161 2325 256 2400 datio
280 2328 393 2428 prima
420 2327 503 2400 satis
528 2325 659 2426 valeat,
682 2340 802 2400 tamen
825 2325 1003 2430 obsequor
1017 2327 1151 2403 homiui

160 2451 446 2552 familiarissimo,
480 2452 519 2525 C.
550 2451 687 2525 Aviauo
722 2450 874 2525 Flacco:
911 2453 1013 2527 cuius
1049 2480 1149 2527 causa

157 2577 276 2649 omnia
301 2591 376 2650 tum
409 2577 538 2678 cupio,
574 2591 649 2650 tum
674 2576 871 2651 mehercule
895 2580 1005 2652 etiam
1030 2578 1149 2653 debeo.

158 2699 212 2773 De
238 2727 308 2802 quo
334 2715 369 2774 et
393 2718 582 2802 praesens¹
609 2717 724 2776 tecum
750 2705 804 2802 egi
828 2702 1031 2806 diligenter,
1047 2729 1150 2808 quum

157 2841 197 2900 tu
221 2827 322 2928 mihi
339 2827 586 2905 humanissime
618 2814 851 2932 respondisti3
883 2846 919 2904 et
954 2832 1082 2933 scripsi
1108 2829 1151 2904 ad

158 2967 194 3026 te
218 2969 378 3030 accurate
403 2972 527 3032 antea:
563 2957 626 3032 sed
656 2970 760 3059 putat
795 2958 1075 3064 interessesua,
1098 2983 1150 3030 me

158 3079 204 3152 ed
230 3093 265 3154 te
290 3110 395 3185 quam
418 3085 617 3184 saepissime
633 3085 791 3158 scribere.
809 3086 927 3176 Quare
947 3084 1053 3160 velim
1069 3084 1149 3158 mihi

157 3205 340 3309 ignoscas,
364 3210 394 3282 si
417 3210 508 3282 illius
533 3210 705 3284 voluntati
736 3210 1008 3311 obtemperans,
1039 3212 1150 3285 minus

155 3333 304 3409 videbor
327 3337 525 3410 meminisse
563 3339 781 3411 constantiae
813 3351 901 3410 tuae.
933 3337 965 3410 A
998 3352 1035 3411 te
1060 3336 1149 3411 idem

155 3455 242 3569 illud
265 3474 369 3565 peto,
392 3477 433 3536 ut
458 3464 502 3536 de
526 3462 624 3564 loco5
640 3490 711 3566 quo
738 3463 900 3564 deportet
924 3445 1147 3562 frumentum,

156 3599 202 3696 et
229 3583 275 3696 de
309 3581 466 3694 tempere
478 3591 661 3700 ‚wAviano
695 3572 900 3664 eommodes
924 3607 960 3662 ²:
1003 3616 1147 3694 quorum

156 3723 341 3815 utrumque
376 3742 440 3815 per
466 3693 637 3792 ¹eumdem
671 3698 727 3791 me
760 3698 912 3790 uhtinuit
941 3716 1147 3814 triennium,

158 3833 240 3912 dum
256 3840 445 3942 Pompeius
469 3845 527 3918 isti
550 3845 692 3944 negotiu
715 3843 865 3945 praefuit
882 3844 906 3915 ³.
924 3845 1071 3922 Summa
1088 3859 1146 3943 est,
