2632 4852
260 329 307 422 84
600 346 770 395 lestarona
796 348 909 395 cxtvr.
1035 344 1065 398 Α,
1082 347 1117 394 v.
1135 346 1163 392 c.
1181 345 1232 406 699

308 451 476 551 9Quum
511 448 727 549 scripsissem
757 447 845 523 haee
876 449 1013 547 infima,
1049 471 1139 549 quae
1173 460 1256 518 sunt

258 602 336 652 mea
362 600 486 674 mann,
510 575 606 647 venit
631 574 678 646 ad
701 598 767 648 nos
792 574 915 648 Cicero
940 587 1020 647 tuus
1046 571 1093 649 ad
1115 596 1255 667 cenam,

262 728 372 810 quum
395 700 593 800 Pomponia
618 699 709 781 foras
722 717 754 773 ⁷9
779 713 927 777 cenaret.
952 696 1059 773 Dedit
1082 696 1170 777 mihi
1187 697 1259 796 epi-

259 825 386 905 stolam
410 824 596 925 legendam
620 839 734 925 tuam,
765 852 870 928 quam
901 823 1020 927 paullo
1050 837 1132 896 ante
1158 847 1258 896 acce-

259 967 375 1058 perat,
398 952 656 1055 Aristophaneo
680 951 789 1030 modo
804 954 847 1052 ⁸⁰,
871 950 973 1026 valde
997 949 1197 1029 mehercule
1223 962 1258 1022 et

259 1104 404 1153 suavem
429 1092 465 1151 et
490 1103 653 1178 gravem3
684 1104 752 1180 qua
783 1104 860 1151 sum
885 1076 1077 1150 admodum
1103 1074 1258 1154 delecta-

159 1282 161 1287 ,
260 1216 325 1276 tus.
351 1202 457 1277 Dedit
482 1204 587 1279 etiam
612 1202 755 1275 alteram
780 1202 876 1275 illam
900 1202 986 1275 mihi
998 1204 1041 1300 ⁸¹,
1062 1227 1132 1302 qua
1158 1199 1259 1272 iubes

263 1354 344 1400 eum
368 1326 453 1400 mihi
480 1354 555 1400 esse
580 1327 720 1402 affixum
746 1343 924 1430 tamquam
948 1329 1123 1426 magistro.
1141 1327 1259 1419 Quam

261 1452 358 1531 illum
385 1453 554 1551 epistolae
578 1453 656 1527 illae
682 1452 918 1530 delectarunti
944 1478 1049 1555 quam
1066 1450 1146 1525 mel
1163 1449 1260 1527 Nihil

260 1604 370 1677 puero
395 1576 455 1659 illo
481 1580 639 1682 suavius,
663 1579 750 1657 nihil
774 1582 886 1654 nostri
910 1579 1084 1656 amantius
1097 1579 1140 1650 ⁸².
1161 1577 1257 1653 Haec

261 1706 353 1781 inter
378 1730 501 1786 cenam
525 1705 648 1785 Tironi
673 1704 821 1805 dictavi3
845 1732 890 1786 ne
914 1707 1039 1781 mirere
1063 1705 1129 1786 alia
1151 1730 1258 1782 manu

262 1855 352 1922 esse„
369 1828 497 1905 Annali
520 1829 639 1903 literae
656 1845 736 1903 tuae
753 1832 972 1930 pergratae⁸³
990 1830 1146 1929 fuerunt,
1163 1828 1260 1930 quod

262 1969 298 2030 et
323 1980 461 2034 curares
486 1956 530 2029 de
556 1983 593 2030 se
619 1956 817 2056 diligenter,
833 1971 869 2030 et
893 1972 1011 2030 tamen
1036 1955 1184 2031 consilio
1210 1981 1259 2028 ee

262 2082 445 2156 verissimo
476 2083 622 2156 iurares.
654 2085 693 2156 P.
726 2082 889 2156 Servilius
913 2095 1030 2184 pater,
1061 2080 1259 2179 extiteris,

263 2233 349 2307 quas
375 2206 442 2280 sibi
466 2234 486 2285 a
511 2209 658 2286 Caesare
683 2209 805 2284 missas
827 2233 901 2286 esse
919 2206 1071 2304 dicebat,
1088 2206 1259 2305 significat

192 2318 202 2331 ¹
262 2330 365 2406 valde
390 2346 425 2409 te
451 2332 517 2412 sibi
543 2347 678 2431 gratum
702 2334 838 2434 fecisse,
863 2334 960 2437 quod
985 2333 1028 2405 de
1054 2359 1116 2405 sua
1134 2331 1258 2406 volun-

148 2475 151 2489 “
261 2470 335 2535 tate
360 2483 440 2559 erga
462 2459 645 2535 Caesarem
662 2459 910 2536 humanissime
927 2459 1257 2560 diligentissimeque

261 2581 399 2660 loeutus
425 2610 526 2657 esses.
563 2587 681 2677 Quum
714 2588 861 2660 Romam
889 2612 931 2661 ex
955 2585 1117 2688 Arpinati
1143 2610 1257 2658 revera

261 2708 399 2808 iissem,
424 2710 555 2783 dictum
581 2711 666 2790 mihi
693 2726 761 2810 est,
778 2711 1043 2811 Hippodamum
1063 2708 1110 2782 ad
1130 2723 1165 2782 te
1181 2734 1258 2809 pro

260 2833 391 2911 sectum
424 2861 507 2912 esse.
539 2836 621 2911 Non
653 2863 797 2936 possum
823 2837 989 2936 scribere,
1013 2860 1070 2914 me
1095 2837 1258 2908 miratum

261 2983 353 3058 esse,
377 2958 473 3031 illum
501 2975 574 3034 tam
597 2963 832 3035 inhumaniter
856 2963 992 3061 fecisse,
1009 2975 1049 3033 ut
1072 2962 1148 3037 sine
1174 2961 1256 3036 meis

261 3083 369 3162 literis
406 3086 452 3165 ad
484 3100 519 3166 te
551 3090 849 3187 proficisceretur:
886 3087 973 3160 illud
1004 3087 1139 3186 scribo,
1175 3085 1258 3159 mihi

261 3209 450 3290 molestum
474 3213 586 3289 finisse.
619 3217 694 3287 Iam
727 3216 821 3293 enim
853 3214 913 3286 diu
940 3215 1195 3312 cogitaveram,
1218 3236 1258 3289 ex

262 3362 322 3436 eo,
347 3339 443 3439 quod
468 3352 507 3412 tu
533 3341 578 3418 ad
601 3366 658 3413 me
684 3343 887 3442 scripseras,
905 3355 961 3439 ut,
986 3342 1016 3412 si
1041 3338 1130 3440 quid
1155 3349 1259 3432 esset,

262 3462 357 3562 quod
383 3464 429 3539 ad
454 3480 489 3538 te
515 3466 712 3564 diligentius
737 3468 881 3567 perferri
896 3465 1040 3563 vehem,
1056 3464 1108 3536 illi
1126 3465 1257 3540 darem:

261 3588 357 3687 quod
382 3591 579 3664 mehercule
610 3591 705 3668 hisce
738 3593 863 3692 literis,
896 3618 981 3694 quas
1015 3588 1122 3688 vulgo
1154 3589 1200 3663 ad
1224 3601 1257 3660 te

260 3713 381 3813 mitto,
405 3716 494 3788 nihil
518 3717 587 3791 iere
614 3718 745 3816 scribo,
774 3719 924 3820 quodsi
949 3720 987 3789 in
1013 3716 1160 3790 alicuius
1185 3740 1254 3788 ma-

246 3837 327 3914 nus
352 3840 530 3939 inciderit,
554 3844 700 3920 moleste
725 3845 905 3923 ferendum
930 3845 982 3919 sit.
1009 3843 1251 3930 unccione,
