2632 4852
168 360 213 408 22
488 353 655 403 nrrsrons
682 354 824 402 cxxxiii.
939 351 970 400 a.
987 336 1069 402 vic.
1085 353 1135 405 oss

163 484 250 532 num
273 456 457 532 videretur.
481 456 587 528 Mitto
611 455 715 553 igitur
740 455 787 528 ad
813 468 848 527 te
867 452 1090 552 Trebatium,
1107 470 1159 529 at·

162 610 231 685 que
255 585 304 656 ita
328 583 447 680 mitto,
471 596 511 653 ut
536 582 638 653 initio
663 607 740 653 mea
766 593 910 681 sponte,
933 589 1017 680 po'st
1041 594 1159 653 autem

162 709 310 783 invitatu
336 721 397 780 tuo
421 706 632 779 mittendum
657 705 823 779 duxerim.
848 705 971 804 Hunc,
994 704 1044 778 mi
1070 706 1158 779 Cae·

161 860 233 933 sar,
265 834 316 906 sic
348 830 454 906 velim
486 832 583 905 omni
615 845 674 903 tua
708 833 873 905 comitate
904 829 1161 931 complectare,

156 943 202 1031 'ut
231 958 372 1058 omnia,
408 978 497 1061 quae
529 982 594 1057 per
628 980 686 1028 me
721 957 835 1056 possis
869 955 1016 1055 adduci,
1047 970 1091 1029 ut
1123 958 1160 1029 in

159 1106 258 1158 meos
282 1082 440 1157 conferre
472 1079 573 1181 velis,
604 1081 643 1154 in
674 1104 784 1154 unum
803 1082 834 1133 ¹³
862 1080 958 1154 hunc
983 1081 1160 1181 conferas,

157 1206 206 1280 de
230 1233 301 1310 quo
326 1202 391 1280 tibi
414 1207 557 1281 bomine
581 1207 669 1281 haec
700 1206 860 1307 spondeo
887 1215 988 1295 (non
1011 1205 1073 1280 illo
1100 1233 1159 1281 ve-

160 1345 234 1404 tere
259 1331 368 1407 verbo
387 1331 417 1400 ¹4
441 1358 539 1431 meo,
563 1332 679 1433 quod,
703 1359 811 1433 quum
835 1326 883 1404 ad
907 1326 1008 1427 tede
1024 1330 1159 1405 Milone

159 1457 392 1558 scripsissem,
416 1461 491 1531 iure
515 1457 645 1558 lusisti,
661 1457 724 1533 sed
740 1482 837 1531 more
853 1458 1014 1531 Romano
1026 1458 1068 1557 ¹⁵,
1086 1483 1156 1561 quo

158 1581 269 1656 modo
292 1582 453 1657 homines
476 1608 550 1656 non
573 1584 685 1683 inepti
710 1582 929 1684 loquuntur)
955 1581 1157 1682 probiorem

158 1706 358 1807 hominem,
388 1708 569 1781 meliorem
597 1709 729 1807 virum,
760 1707 1009 1809 pudentiorem
1026 1711 1058 1760 ¹⁶
1083 1732 1158 1782 esse

158 1835 346 1907 neminem.
371 1833 520 1908 Accedit
544 1835 667 1933 etiam,
697 1834 793 1936 quod
818 1833 986 1907 familiam
1012 1833 1111 1907 ducit
1128 1848 1156 1901 ¹⁷

157 1959 196 2031 in
220 1960 294 2032 iure
319 1958 430 2060 civili,
454 1958 635 2059 singularis
660 1961 850 2059 memoria,
882 1984 1019 2032 summa
1044 1960 1157 2033 scien·

158 2082 219 2158 tia.
254 2086 346 2159 Huic
378 2111 444 2185 ego
477 2111 592 2188 neque
620 2083 852 2186 tribunatum,
884 2108 998 2187 neque
1023 2084 1157 2186 praese·

158 2208 311 2309 c'turam,
334 2237 449 2314 neque
473 2211 579 2286 ullius
602 2210 764 2286 beneficii
789 2225 923 2286 certum
947 2235 1079 2284 nomen
1099 2237 1157 2312 pe-

59 2352 62 2361 '
157 2347 197 2409 to
204 2361 216 2431 3
245 2334 518 2410 benivolentiam
551 2351 650 2410 tuam
683 2351 720 2410 et
743 2335 987 2411 liberalitatem
1010 2351 1098 2438 peto
1116 2338 1157 2436 ¹⁸,

1 2509 3 2520 .
110 2484 112 2489 ·
156 2482 272 2558 neque
296 2459 477 2559 impedio,
501 2450 573 2561 quo
597 2460 731 2560 minus,
755 2460 785 2535 si
809 2461 875 2534 tibi
898 2461 947 2535 ita
972 2459 1157 2561 placuerit,

156 2583 262 2656 mam
286 2583 384 2656 hisce
408 2609 489 2656 eum
521 2610 623 2658 ornes
656 2583 822 2684 gloriolae
853 2586 1055 2686 insignibus.
1082 2588 1156 2662 To·

156 2721 232 2780 tum
258 2707 406 2810 denique
430 2708 609 2784 hominem
634 2710 700 2785 tibi
723 2713 771 2785 ita
791 2727 822 2778 ¹9
847 2712 950 2787 trado
976 2713 1021 2786 de
1045 2738 1153 2787 manu

150 2819 169 2921 Ι(
185 2846 224 2906 ut
249 2836 375 2927 aiunt)
408 2836 446 2908 in
478 2862 622 2910 manum
656 2851 753 2913 tuam
785 2838 907 2938 istam,
940 2852 977 2911 et
1006 2839 1155 2912 victoria

157 2971 194 3031 et
216 2959 287 3032 fide
312 2975 557 3059 praestantem.
584 2963 709 3036 Sumus
725 2980 756 3014 ²0
783 2965 877 3037 enim
906 2964 1132 3065 putidiusculi
1144 2990 1155 3064 5

157 3107 370 3186 quamquam
387 3103 417 3138 ²¹
444 3114 508 3187 per
533 3102 568 3161 te
592 3088 652 3162 vix
675 3087 777 3163 licet:
798 3070 943 3190 uerum,
966 3104 1007 3164 ut
1031 3088 1136 3165 video
1143 3145 1154 3189 ,

156 3207 285 3283 licebit.
313 3213 423 3313 Cura,
447 3229 488 3286 ut
514 3215 644 3313 valeas,
669 3229 705 3288 et
728 3243 804 3317 me,
828 3231 869 3290 ut
893 3243 1003 3317 amas,
1028 3242 1116 3290 ama.

556 3467 763 3544 CXXXIV.
847 3509 907 3570 (aa
922 3512 952 3571 o.
967 3513 1018 3560 siat.
1033 3513 1064 3574 ιι,
1080 3513 1129 3572 13)

150 3638 369 3717 Argianentum.
389 3643 436 3703 De
456 3643 546 3706 rebus
567 3646 610 3706 ld.
630 3646 721 3708 Febr.
742 3650 773 3708 in
794 3659 899 3709 senatu
919 3651 1010 3727 acris3
1029 3648 1068 3713 de
1081 3649 1148 3711 Cal·
1168 3717 1171 3721 ,

192 3743 318 3808 listhene
338 3760 368 3810 et
389 3749 516 3816 Philisto
536 3751 677 3817 historiae
699 3754 902 3838 scriptoribus.
