2632 4852
113 393 118 405 ι
181 308 247 380 ιοὸ
496 327 666 378 mierum
690 331 835 378 xcuvur.
945 325 1075 378 nnc.
1095 333 1147 394 ⁶99

172 431 348 507 bonorum
380 434 563 506 consensio
579 434 611 482 ⁶⁵
642 432 680 503 in
711 456 768 504 me
802 430 934 504 tuendo
961 434 1171 507 exstitisset:

172 582 246 631 non
279 557 395 630 dicam
428 556 513 656 quid
538 555 703 629 acciderit
732 554 950 644 (multorum
975 561 1171 658 estasim,

171 692 209 756 et
232 682 328 756 varia
354 681 489 782 culpat:
515 694 651 755 tantum
676 682 792 755 dicam
815 681 914 754 brevi
927 685 970 782 ⁶⁶,
986 708 1062 758 nou
1081 683 1172 756 mihi

169 806 379 906 exercitum,
403 806 467 879 sed
491 805 597 878 duces
614 809 645 873 ⁶7
673 806 831 878 defuisse.
857 808 899 879 In
924 832 1017 908 quo,
1041 810 1171 882 utiam

168 931 275 1004 sitin
299 929 341 1005 iis
366 931 491 1032 culpa,
523 931 583 1032 qui
618 953 674 1004 me
709 956 782 1004 nou
809 930 1062 1033 defenderunt5
1093 958 1170 1007 non

167 1056 284 1132 minor
307 1071 360 1131 est
384 1059 421 1131 in
446 1059 505 1157 iis,
530 1057 589 1158 qui
613 1056 843 1158 reliquerunt:
861 1066 913 1157 et,
929 1056 959 1130 si
979 1060 1169 1132 accusandi

58 1198 61 1202 ⁴
167 1196 266 1283 sunt,
290 1185 404 1285 siqui
428 1184 699 1285 pertimuerunt3
714 1183 825 1281 magis
851 1185 957 1256 etiam
981 1178 1169 1285 reprehen-

164 1308 297 1408 dendi,
321 1309 351 1380 si
376 1310 435 1410 qui
460 1309 492 1360 ⁶⁸
517 1335 554 1382 se
580 1309 702 1380 timere
726 1307 942 1382 simularunt
971 1308 1066 1382 Illud
1091 1312 1168 1412 qui·

168 1431 248 1508 dem
272 1446 368 1506 certe
394 1449 553 1507 nostrum
570 1437 602 1500 ⁶9
628 1433 811 1506 consilium
841 1435 915 1507 iure
947 1433 1164 1510 laudandum

165 1571 237 1659 est,
261 1560 322 1661 qui
345 1586 443 1633 meos
469 1562 578 1659 cives,
604 1574 639 1633 et
665 1586 684 1632 a
710 1585 765 1632 me
791 1575 1035 1658 conservatos,
1053 1574 1089 1634 et
1107 1588 1164 1634 me

167 1709 305 1759 servare
331 1688 523 1786 cupientes,
550 1685 718 1786 spoliatos
744 1682 909 1784 ducibus,
934 1687 1043 1760 servis
1057 1705 1088 1752 ⁷⁰
1115 1714 1164 1760 ar·

164 1810 267 1883 matis
307 1810 413 1884 obiici
449 1810 645 1910 noluerim,
684 1809 920 1911 declararique
957 1809 1164 1910 maluerim,

164 1948 295 2036 querna
320 1937 373 2009 vis
399 1962 474 2010 esse
498 1937 671 2037 potuisset
694 1936 731 2007 in
762 1961 933 2008 consensu
964 1933 1141 2010 bonorum
1153 1991 1163 2036 ‚

162 2061 193 2133 si
216 2061 258 2134 iis
283 2087 349 2163 pro
380 2088 437 2135 me
470 2075 584 2136 stante
619 2087 774 2162 pugnare
806 2059 960 2135 licuisset
977 2078 1022 2162 ⁷¹,
1053 2089 1162 2164 quum

162 2183 332 2263 afflictum
357 2188 506 2261 excitare
527 2186 731 2286 potuissent.
752 2187 913 2279 Quorum
930 2184 1075 2288 quidem
1091 2189 1160 2260 ani·

161 2336 258 2385 mum
291 2326 330 2386 tu
362 2339 435 2387 non
471 2313 678 2413 perspexisti
709 2312 847 2411 solum,
883 2339 992 2413 quum
1026 2313 1071 2386 de
1090 2317 1159 2385 ‘me

161 2464 296 2537 ageres,
321 2439 384 2512 sed
410 2443 513 2513 etiarn
540 2441 752 2514 confirmasti
778 2453 883 2539 atque
908 2439 1060 2511 tenuisti.
1079 2440 1158 2531 Qua

159 2562 198 2635 in
222 2589 325 2638 causa
352 2573 443 2653 (uon
467 2565 575 2640 modo
600 2587 674 2638 non
698 2564 853 2663 negabo,
869 2564 932 2637 eed
949 2562 1056 2637 etiam
1072 2590 1158 2637 sem-

158 2713 223 2788 per
248 2702 283 2761 et
306 2689 511 2792 meminerO,
537 2705 572 2765 et
596 2689 809 2793 praedicabo
832 2688 1002 2780 libenter)
1020 2716 1104 2763 usus
1122 2713 1156 2762 es

161 2812 370 2914 quibusdam
394 2816 615 2890 nobilissimis
639 2815 862 2913 homiuibus,
890 2807 1095 2888 fortioribus
1120 2815 1156 2887 in

158 2963 216 3012 me
241 2941 478 3044 restituendo,
510 2969 616 3045 quam
645 2943 783 3016 fuerant
806 2941 914 3014 iidem
939 2942 977 3012 in
1002 2943 1155 3014 retinen·

158 3063 205 3138 do
223 3082 271 3139 ⁷²:
304 3094 372 3170 qua
405 3070 441 3142 in
473 3070 643 3142 sententia
675 3069 704 3141 si
742 3081 901 3141 constare
940 3066 1155 3165 voluissent,

156 3215 255 3265 suam
280 3196 522 3269 auctoritatem
547 3194 649 3269 simul
674 3221 755 3268 cum
779 3193 890 3268 salute
915 3218 994 3266 mea
1011 3218 1155 3295 recupe·

155 3332 298 3391 rasseut.
323 3321 498 3394 Recreatis
523 3323 615 3394 enim
639 3320 742 3397 bonis
769 3322 851 3396 viris
877 3319 1063 3393 consulatu
1081 3333 1152 3416 tuo,

156 3446 195 3513 et'
218 3448 505 3521 constantissimis
544 3463 648 3549 atque
686 3448 827 3549 optimis
861 3445 1059 3520 actionibus
1083 3444 1151 3516 tuis

156 3568 313 3644 excitatis
332 3575 373 3672 ⁷³,
397 3576 460 3648 Cn.
494 3576 665 3676 Pompeio
701 3574 907 3674 praesertim
937 3572 984 3644 ad
1010 3597 1150 3645 oausam

155 3692 339 3801 adiuncto,
363 3727 471 3800 quum
496 3703 602 3774 etiam
626 3702 769 3798 Caesar,
786 3700 888 3773 rebus
910 3699 1071 3772 maximis
1097 3727 1150 3799 ge·

155 3817 233 3919 stis,
258 3823 485 3932 singularibus
519 3842 660 3902 ornatus
693 3841 729 3899 et
753 3827 854 3901 novis
886 3825 1082 3900 honoribus
1108 3851 1145 3899 ac
