2632 4852
162 336 231 431 294
524 349 793 399 nnsortrtouas

199 454 284 517 vablc
305 455 376 517 boui
394 452 533 512 aestivum
553 453 650 512 locum
674 453 820 514 obtinebit.
840 452 867 512 E
888 456 1080 514 comotione
1105 477 1157 517 no·

198 575 259 624 stra
279 563 450 644 aptissimus
469 560 529 619 exit
559 579 676 619 sensus:
704 560 788 620 Nunc
815 559 888 618 llaec
916 560 1096 642 (porticus)
1117 563 1162 623 vel

197 673 262 752 ipsa
288 670 436 729 borzcstate
465 665 589 748 (ampla
614 668 712 748 specie
738 675 769 726 et
793 665 968 746 altitudine)
999 667 1160 740 testudinis,

196 776 282 838 valde
302 776 372 836 boni
389 776 487 836 aestivi
507 773 674 852 (cubiculi)
696 773 714 834 l.
735 793 761 834 o.
783 773 834 834 Sic
851 773 931 834 Plin.
949 777 1037 856 epist.
1059 776 1104 848 ll,
1127 798 1158 856 ¹7

198 883 372 945 cubiculum
399 883 509 942 dicitur
535 881 693 941 altitudine
718 882 867 942 aestivum.
887 881 1046 942 Manutius
1066 885 1159 942 corri-

197 991 329 1072 gendum
350 990 478 1049 censuit:
499 986 587 1048 Nunc
608 989 663 1048 boc
682 986 730 1046 vel
747 986 778 1046 ia
796 998 916 1047 aesmte'
930 987 1102 1061 testudinis,
1118 989 1161 1046 vel

197 1100 289 1158 bieme
307 1098 446 1156 aestivum
460 1095 555 1154 locum
568 1095 722 1165 obtinebit3
741 1093 907 1153 anbiuus
920 1114 997 1155 vero
1010 1097 1054 1154 sic
1063 1117 1076 1154 :1
1084 1116 1158 1155 nunc

197 1205 252 1264 boc
272 1202 318 1262 rel
342 1205 434 1263 bieme
462 1199 626 1274 testudinis,
646 1201 693 1261 vel
717 1211 828 1260 aestate
854 1200 950 1260 valde-
970 1202 1043 1261 boui
1064 1202 1161 1261 aestivi

197 1311 293 1370 locum
313 1309 456 1368 obtinebit.
478 1308 596 1368 Schtitz.
619 1308 678 1368 Sed
701 1329 757 1367 vox
779 1310 926 1367 ltoaestate
947 1319 1073 1368 nonest
1093 1329 1158 1369 mu-

197 1416 303 1490 tanda3
324 1433 360 1475 ea
380 1415 484 1474 Cicero
503 1417 601 1474 utitur
621 1415 699 1475 inita
718 1420 736 1489 5
757 1436 788 1495 7:
810 1413 842 1473 id
861 1435 921 1475 noa
947 1415 1069 1476 honeste
1098 1435 1159 1474 rer-

194 1523 237 1602 git
257 1525 285 1581 in
307 1533 420 1581 tectum.

165 1648 195 1688 ιι
221 1627 422 1688 Schneiderus
444 1627 503 1708 (ad
523 1622 699 1689 Vitruvium
720 1627 760 1700 V,
785 1630 958 1709 10)‚quae
980 1627 1033 1688 hic
1055 1628 1158 1688 Cicero

195 1756 265 1794 assa
284 1733 392 1794 balnea
412 1745 515 1806 vocat,
536 1735 641 1794 eadem
655 1755 718 1795 esse
732 1745 834 1816 putat,
848 1756 926 1815 quac
940 1735 1088 1796 Vitruvio
1102 1734 1158 1793 cal-

195 1839 283 1901 daria
302 1836 460 1911 dicuntur,
481 1842 540 1901 hoc
559 1853 605 1901 est
624 1841 776 1905 sudatoria
799 1839 925 1920 (atuſsa),
943 1841 999 1901 ubi
1014 1842 1157 1902 nimirum

195 1968 278 2019 asso,
298 1945 328 2006 h.
349 1969 392 2020 e.‚
413 1946 476 2007 solo
491 1947 590 2008 calore
611 1947 703 2007 sudor
718 1958 918 2029 provocatur,
939 1968 1004 2007 non
1025 1947 1158 2008 adhibita

195 2072 290 2135 aqua:
311 2055 496 2138 vaporarium
508 2074 598 2126 vero,
612 2055 695 2135 quod
709 2056 866 2117 Vitruvius
880 2056 1102 2138 hypocaustum
1114 2054 1155 2114 di·

197 2163 253 2232 cit,
273 2160 333 2220 hoc
347 2171 392 2220 est
411 2160 517 2220 fornax
539 2160 705 2242 (bruelio).
727 2153 839 2222 Seneca
859 2182 906 2244 ep.
920 2161 975 2222 51:
1000 2161 1086 2244 Quid
1096 2182 1158 2223 cum

195 2265 370 2326 sudatorias?
390 2267 430 2327 In
450 2265 640 2349 quaesieras
660 2271 890 2351 rapor‘corpora
904 2252 1107 2330 extumum
1119 2271 1157 2330 iu·

193 2371 328 2433 cluditur.
424 2393 425 2396 ’

159 2494 193 2536 tn
215 2477 319 2539 Verba
338 2477 423 2540 uncis
443 2477 557 2540 inclusa
584 2482 731 2562 glossema
758 2492 845 2564 putat
865 2482 1013 2558 Vrsinus3
1041 2477 1156 2545 deleve-

196 2596 269 2645 runt
290 2586 424 2668 Scaliger
444 2589 482 2648 ad
504 2590 568 2648 Cat.
589 2592 668 2672 epig.
687 2589 720 2661 6,
748 2602 778 2650 ct
804 2590 923 2650 Schiitz.
949 2588 1038 2650 Idem
1066 2591 1155 2650 Scali-

194 2713 248 2772 ger
268 2705 298 2754 ct
317 2695 425 2755 eodem
444 2697 513 2757 loco
534 2698 691 2777 sequentia
712 2699 754 2757 sic
780 2696 967 2778 corrigebat:
989 2712 1068 2758 esset
1089 2699 1154 2757 sub-

191 2801 297 2861 iectum
321 2802 449 2862 cubiculi
471 2802 672 2883 suggruadoe:
699 2805 885 2877 cubiculum,
911 2816 968 2866 etc.
990 2807 1153 2887 Vulgatum

192 2905 332 2970 cubiculis
361 2907 490 2971 debetur
516 2932 585 2970 mss.
612 2911 769 2983 Turnebi,
797 2909 908 2992 quibus
935 2913 1002 2973 Pal.
1033 2933 1051 2972 2
1078 2909 1154 2995 apud

193 3015 279 3075 Grut.
301 3025 330 3077 et
351 3017 417 3076 edd.
437 3018 494 3077 Ro.
515 3019 589 3078 Min.
610 3017 747 3099 aliaeque
762 3022 969 3080 consentiunt:
992 3031 1064 3080 aute
1078 3021 1152 3080 Tur*-
1178 3049 1180 3052 ⁴

191 3120 303 3182 nebum
325 3125 460 3185 cubiculi.
480 3120 649 3204 Vulgatum
670 3123 836 3206 subgrande
848 3126 966 3185 dictum
980 3139 1028 3187 est
1041 3149 1096 3210 pro
1108 3146 1152 3186 ae-

189 3231 301 3288 stivum.
322 3231 478 3292 Ernestius
498 3243 600 3292 tamen
619 3233 720 3294 adhuc
733 3235 877 3316 proponit
892 3233 1057 3315 legendum
1070 3233 1151 3294 aesti-

190 3356 257 3396 vum
277 3358 334 3419 pro
355 3351 461 3398 autem.
880 3351 885 3356 '

154 3436 188 3499 13
211 3443 312 3518 Quem
332 3444 389 3504 tibi
410 3467 428 3505 a
447 3467 497 3506 me
518 3457 632 3506 emtum
655 3450 801 3530 proximis
828 3450 943 3508 nuntiis
971 3448 1149 3530 significare·

189 3568 264 3609 ram.
285 3552 403 3612 Manat.
426 3553 532 3613 Malim
553 3555 700 3616 Proximis
724 3554 869 3615 aruzdiuis.
891 3557 1072 3616 Proximum
1098 3575 1147 3614 nu-

188 3676 307 3717 merum
329 3663 535 3721 sestertiorum
561 3665 715 3745 rescripsit
735 3664 890 3724 Victorius
915 3685 932 3723 e
954 3685 1011 3723 suo
1032 3665 1146 3742 antiquo

187 3759 247 3821 hoc
274 3765 366 3825 modo
389 3787 519 3830 cccrooo
540 3792 570 3831 ω
589 3813 598 3842 ,
618 3772 670 3832 sed
691 3783 858 3831 extremum
879 3794 910 3834 ao
941 3793 1024 3830 nunc
1045 3768 1144 3832 omitti-
1185 3829 1187 3835 ,

187 3877 251 3944 tur3
275 3869 386 3952 legitur
406 3877 485 3933 enim
509 3889 625 3938 centum
645 3881 784 3953 millibus,
806 3882 880 3962 quin
901 3879 960 3940 hac
980 3892 1052 3942 nota
1077 3892 1141 3960 ⁰p1¹³

188 3974 235 4035 sit.
256 3979 333 4037 Ante
354 3978 524 4042 Victoriutu
546 3983 612 4045 HS.
634 4005 720 4048 cccc.
