2632 4852
244 326 316 394 228
568 337 737 388 rrrsrous
762 339 905 388 cuxxru.
1015 336 1046 385 r.
1067 340 1101 387 v.
1122 340 1151 387 c.
1172 353 1217 399 70.

393 541 446 592 Sor.
464 539 491 590 in
509 538 645 611 Pomptino
665 538 696 593 Δ.
713 537 746 590 V.
765 537 796 592 C.
815 536 896 603 DCC,
915 535 952 589 vl
971 535 1009 592 id.
1025 538 1089 607 Aps.

481 733 625 799 CICERO
651 733 879 802 Tuscana»
904 733 934 797 S.
960 732 998 798 D.

297 971 310 1019 1
340 939 472 1040 Accepi
496 965 516 1011 a
542 952 578 1011 te
602 936 735 1040 aliquot
766 935 931 1038 epistolas
959 961 1032 1011 uno
1058 951 1240 1040 tempore,

244 1094 329 1171 quas
354 1080 393 1139 tu
419 1064 564 1136 diversis
599 1061 818 1162 temporibus
849 1060 1014 1135 dederas:
1050 1064 1088 1138 in
1114 1065 1241 1167 quibus

242 1219 300 1265 me
317 1205 432 1264 cetera
449 1189 675 1263 delectarunt
693 1187 942 1286 Significabant
958 1189 1067 1286 enim,
1084 1202 1121 1262 te
1138 1190 1241 1267 istam

243 1316 402 1393 militiam
427 1316 497 1389 iam
522 1315 623 1387 firmo
648 1315 766 1390 animo
782 1329 798 1362 ²
824 1313 927 1412 ferre,
952 1326 989 1385 et
1013 1339 1089 1386 esse
1114 1315 1242 1389 fortem

244 1441 359 1516 virum
384 1453 421 1512 et
446 1452 673 1516 constantem.
698 1439 800 1542 Quae
824 1462 889 1537 ego
914 1435 1105 1538 paullisper
1120 1439 1160 1515 in
1176 1443 1241 1511 te³

219 1545 292 1639 'ita
318 1565 532 1663 desideravi,
566 1588 640 1636 non
671 1561 907 1638 imbecillitate
938 1563 1045 1638 animi
1082 1564 1154 1663 tui,
1178 1564 1241 1637 sed

243 1691 352 1788 magis
376 1703 416 1763 ut
442 1688 614 1762 desiderio
646 1688 793 1762 nostrii
816 1702 852 1761 te
877 1701 1034 1761 aestuare
1068 1702 1241 1789 putarem.

244 1815 362 1904 Quare
387 1837 510 1914 perge,
542 1826 583 1885 ut
614 1813 778 1915 coepisti:
809 1812 890 1889 forti
906 1814 1032 1897 ¹animo
1057 1813 1163 1886 istam
1187 1827 1242 1887 to·

242 1936 314 2011 iera
339 1937 507 2011 militiam.
533 1936 663 2034 Multa,
686 1938 774 2011 mihi
799 1936 919 2037 crede,
946 1963 1139 2040 assequere.
1164 1940 1240 2038 Ego

243 2063 338 2134 enim
361 2062 540 2141 renovabo
566 2063 957 2161 commendationem⁵3
981 2063 1044 2137 sed
1068 2077 1235 2165 tempore.
1283 2132 1290 2155 ,

244 2187 302 2261 Sic
327 2187 479 2287 habeto,
514 2213 587 2268 nou
619 2189 684 2270 tibi
708 2190 831 2263 maiori
856 2214 931 2263 esse
956 2215 1080 2287 curae,
1111 2203 1152 2262 ut
1176 2191 1240 2262 iste

243 2327 325 2392 tuus
357 2341 377 2394 a
408 2339 466 2386 me
503 2294 674 2405 discissus
713 2341 819 2418 quam
852 2314 1149 2413 fructuosissimus
1179 2314 1239 2389 tibi

243 2440 310 2535 sit,
334 2465 440 2538 quam
464 2439 558 2520 milti.
586 2424 738 2541 itaque,
771 2439 913 2541 quando
945 2453 1082 2515 vestrae
1109 2442 1240 2513 cautio*

243 2566 338 2634 nes⁶
362 2564 519 2636 infirmae
552 2578 650 2663 suut,
683 2544 922 2644 Graeculam
953 2565 1018 2638 tibi
1052 2566 1135 2638 misi
1160 2591 1239 2638 cau·

243 2686 376 2760 tionem
403 2688 624 2790 chirographi
649 2691 727 2761 mei.
1082 2690 1083 2694 ’

293 2837 315 2883 2
341 2813 396 2884 Tu
422 2839 478 2885 me
503 2814 608 2888 velim
633 2815 677 2887 de
701 2816 836 2889 ratione
858 2814 983 2888 Gallici
1007 2813 1092 2888 belli
1119 2816 1242 2889 certio-

243 2961 318 3009 rem
343 2937 458 3012 facias.
496 2942 574 3037 Ego
607 2941 733 3012 enim8
767 2942 990 3040 ignavissimo
1016 2940 1145 3042 cuique
1169 2967 1239 3012 ma-

242 3061 372 3134 ximam
396 3063 502 3141 fidem
526 3064 648 3143 habeo.
687 3066 778 3166 Sed,
813 3080 852 3139 ut
885 3066 930 3143 ad
962 3065 1132 3166 epistolas
1164 3080 1238 3138 tuas

242 3184 403 3285 redeam,
436 3204 549 3262 cetera
586 3190 677 3263 belle
695 3209 727 3262 9:
760 3191 847 3264 illud
880 3193 1006 3264 miror:
1047 3192 1127 3292 quis
1152 3189 1238 3264 solet

242 3310 367 3384 eodem
393 3315 553 3415 exemplo
578 3316 694 3416 piures
721 3317 802 3391 dare
816 3334 857 3417 ¹⁰,
874 3318 934 3418 qui
951 3297 1013 3389 sua
1035 3343 1146 3390 manu
1163 3317 1241 3390 scri·

239 3431 316 3508 biti
339 3436 430 3516 Nam
456 3439 553 3541 quod
576 3441 614 3512 in
637 3441 864 3542 palimpsesto
885 3458 925 3540 ¹¹,
940 3440 1050 3514 laudo
1077 3439 1237 3543 equidem

238 3562 509 3658 parsimoniam:
543 3566 605 3638 sed
636 3568 765 3666 miror,
801 3568 885 3669 quid
917 3569 954 3639 in
987 3567 1047 3640 illa
1082 3565 1235 3641 chartula

134 3701 159 3776 J
238 3682 361 3785 firerit,
396 3691 492 3789 quod
525 3691 639 3764 delere
669 3693 846 3792 malueris,
879 3707 1013 3794 [quam
1039 3693 1131 3766 haec
1157 3692 1237 3766 scri·-

239 3805 601 3919 bere1125nisis0rte
626 3834 703 3900 tuas
729 3820 901 3903 formulas.
927 3820 1009 3898 Nou
1035 3821 1131 3900 enim
1148 3830 1230 3929 putu
