2632 4852
161 323 232 422 296
524 337 792 389 tunorurrours

195 455 409 528 cognoscatur,
438 463 537 523 neque
557 443 692 523 impensa
711 440 753 501 ad
773 439 804 499 id
825 437 1000 501 faciendum
1020 444 1158 523 cognosci

194 563 302 635 potest.

156 658 196 721 25
216 659 372 720 Ernestius
392 657 533 729 coniecit,
552 666 582 717 et
601 654 713 717 setun
732 655 848 738 recepit
866 655 1069 717 constitueras.

156 765 196 827 26
216 765 393 848 Plulosoplsa
405 765 567 824 rectissime
580 763 733 834 Fuimus,
744 773 775 822 ct
787 761 951 824 convestivit
961 760 1073 850 paullo
1083 769 1158 842 post.

199 871 332 932 Vrsinus.
354 871 458 952 Vulgo
474 870 712 953 philosophia*
724 869 869 930 convestit.
933 948 936 953 Ι

156 999 193 1060 27
216 979 303 1060 Opus
325 999 359 1039 ex
379 977 499 1038 hedera.
520 977 638 1038 Manat.
659 978 706 1038 De
718 975 844 1038 homine
857 975 940 1037 horti
954 975 1088 1048 cultore,
1109 975 1157 1056 qui

195 1063 342 1144 nimirum
379 1085 539 1165 topiariam
565 1083 693 1155 faceret,
719 1084 873 1165 accipiunt
899 1083 1034 1164 interpp.
1066 1080 1160 1164 Τυρὼ

162 1235 169 1245 ..
196 1192 286 1251 etiam
308 1212 389 1249 nunc
409 1199 519 1250 vocant
538 1188 631 1250 villici
650 1191 746 1249 nostri
760 1211 801 1249 un
817 1189 980 1273 pergolato.
1002 1188 1076 1248 Mox
1093 1209 1159 1248 eon-

196 1299 303 1358 vestivit
322 1295 437 1356 hahent
456 1294 544 1356 Amb.
571 1294 622 1368 16,
642 1295 737 1356 hand.
759 1306 789 1355 et
809 1295 876 1356 edd.
890 1315 989 1377 usque
1009 1293 1052 1356 ad
1066 1295 1159 1365 vict,

197 1406 389 1487 reposuitque
410 1402 552 1464 Clericus.
574 1402 676 1483 vulgo
697 1404 843 1463 convestit.
906 1391 909 1397 ¹
1209 1387 1211 1397 γ

158 1509 197 1572 28
218 1509 338 1592 Opinor
363 1509 512 1591 designari
544 1507 694 1570 Thermas
723 1529 921 1590 graecorum,
947 1518 979 1569 et
999 1507 1158 1569 doctorum

197 1619 360 1700 praecipue
379 1618 532 1689 virorum,
552 1634 684 1698 quorum
705 1618 851 1697 imagines
871 1614 1015 1698 palliatae
1039 1614 1159 1694 (habitu

195 1726 342 1787 nimirum
362 1727 490 1805 graeco)
512 1734 597 1784 erant
617 1725 648 1783 in
668 1722 762 1795 villis,
783 1733 818 1783 ut
839 1743 875 1784 ex
888 1743 998 1783 eorum
1011 1723 1158 1804 reliquiis,

196 1849 275 1910 quae
295 1840 476 1912 supersunt,
494 1830 600 1893 coniici
622 1839 732 1911 potest.
758 1828 891 1891 Vrsinus.

157 1956 197 2019 29
216 1937 365 1997 Nimirum
389 1935 580 1997 Philotimus.
608 1935 714 1997 Malim
741 1946 843 1997 tamen
872 1934 933 1996 hoe
958 1936 1031 1997 loeo
1063 1946 1159 2016 urgent

194 2043 240 2104 itti
266 2042 403 2125 quidem,
428 2054 463 2106 ut
489 2042 696 2124 intelligantur
717 2042 810 2103 ambo
836 2051 867 2102 et
891 2040 1079 2103 Philotimus
1099 2041 1156 2102 Tc-

195 2150 310 2210 rentiae
329 2147 471 2227 libertus,
489 2159 521 2209 et
541 2148 664 2210 Cincius
683 2149 775 2210 attin
794 2158 987 2232 procurator.
1000 2146 1157 2232 Aliquibus

134 2255 136 2258 ’
195 2255 295 2338 placet
316 2257 399 2317 illam
417 2277 445 2340 q.
479 2310 482 2317 ,

156 2362 196 2425 30
216 2362 323 2425 Lamb.
352 2364 507 2445 Arpinate.
528 2362 701 2445 Vtrumque
727 2373 843 2424 rectum
870 2382 942 2425 asse.
960 2360 1041 2425 vidit
1066 2360 1157 2423 Mala·

143 2507 168 2523 ·.
195 2473 281 2552 splna
301 2491 336 2532 ex
356 2472 429 2532 locis
450 2470 613 2531 Aletrinate
637 2491 695 2553 pro
709 2469 826 2530 Cluent.
851 2468 902 2542 16,
921 2468 1085 2550 Fulginate
1103 2486 1157 2551 pro

63 2576 66 2581 ’
195 2573 320 2638 Vareno
341 2581 373 2638 in
393 2577 501 2658 tragus.
522 2589 552 2638 et
575 2578 670 2638 Prisc.
689 2577 759 2640 Vll.

156 2683 191 2744 31
217 2683 352 2756 Scilicet,
371 2688 484 2745 attinet.
505 2685 714 2766 Pomponiam,
735 2684 842 2763 Quinti
857 2682 1013 2744 Ciceronis
1027 2700 1154 2745 uxorem.

157 2791 195 2850 32
218 2793 263 2851 lta
282 2793 448 2853 necessario
468 2791 660 2852 scribendum
681 2801 761 2863 erat,
780 2811 842 2851 non
861 2801 897 2850 ut
909 2791 1007 2872 vulgo
1028 2793 1154 2853 auorum.

197 2897 303 2959 Cicero
324 2902 378 2959 ait:
399 2897 553 2960 mirabiles
573 2918 594 2958 a
611 2909 641 2959 te
660 2896 784 2982 plausus
797 2897 912 2970 feram,
934 2918 1032 2980 quum
1048 2899 1156 2958 otiosus

193 3003 290 3064 filium
311 3016 399 3065 tuum
420 3027 537 3066 mecum
557 3004 722 3077 habuero,
749 3015 843 3087 tuque
871 3015 1024 3087 quantum
1051 3024 1087 3065 ex
1112 3005 1154 3062 in-

194 3113 348 3173 stitutione
367 3132 436 3172 mea
456 3111 618 3195 profecerit
629 3111 817 3173 intellexeris.
836 3110 954 3173 Setae.
975 3109 1064 3172 Adde
1077 3105 1155 3191 quod

194 3238 256 3298 seq.
278 3218 390 3278 Romae
410 3217 576 3303 respirandi
593 3240 653 3280 non
671 3231 716 3280 est
736 3219 821 3278 laem
830 3237 891 3278 non
912 3217 952 3278 de
972 3217 1050 3290 alio,
1069 3234 1155 3299 quam

194 3324 233 3384 dc
254 3326 320 3407 ipso
341 3327 446 3385 Marco
466 3325 582 3386 Romae
603 3327 835 3409 occupatissimo
860 3323 989 3406 intelligi
1017 3332 1155 3407 possunt,

195 3432 243 3490 cui
264 3431 342 3493 hene
362 3436 527 3515 opponitur
547 3435 671 3507 onasum
691 3444 720 3493 et
741 3411 784 3494 sic
803 3434 864 3492 iam
885 3443 955 3493 ante
983 3430 1154 3505 Schiitzium

194 3549 364 3600 correxerat
384 3539 558 3601 Lambinus.
927 3574 930 3579 ’

154 3644 193 3706 33
213 3645 301 3707 Amb.
326 3645 377 3720 16,
397 3646 465 3708 edd.
485 3648 542 3709 Ro.
563 3649 642 3713 Vict.
662 3649 734 3710 milri
755 3648 867 3710 abste.
888 3644 1046 3720 Mercede,
1067 3661 1151 3727 quam

193 3773 284 3813 nemo
305 3756 380 3815 scire
400 3766 508 3838 potest.

155 3857 195 3934 34
216 3859 254 3919 Η.
275 3881 300 3921 e.
321 3862 359 3922 ad
380 3884 431 3935 ea,
452 3886 529 3946 quae
549 3865 689 3948 pluribus
709 3863 843 3950 epistolis
864 3864 1021 3947 scripsisti.
1046 3861 1149 3923 tiaras
